3072 4986
724 317 942 383 ..42-

239 494 336 561 1452
363 517 412 581 sq.
454 484 644 580 ἀρτοκόπου
682 487 761 570 υἱός.
826 497 912 562 1454
958 485 1179 582 ἆνπελουργός
1221 485 1440 581 Μειλήσιος.

251 612 337 678 1455
352 643 390 664 =
407 612 495 678 OIG.
519 613 579 697 IV,
596 613 684 678 9317
700 603 848 698 γεωργός,
873 635 972 699 quem
994 613 1133 680 titulum
1153 618 1244 679 recte
1260 635 1280 679 a
1296 609 1441 678 Kirch-

249 727 354 794 hoffio
379 727 573 795 christianis
595 729 761 796 inscrtum
785 751 859 794 essc
881 729 1066 796 verisimile
1090 735 1151 796 est.

415 968 418 986 '
516 977 549 1048 t.
574 978 616 1047 Be
641 977 882 1064 opturammatis
907 978 1151 1064 sepulcraliter.

357 1122 525 1200 Quoniam
548 1122 658 1188 adhuc
683 1121 857 1209 epitaphia
885 1121 1002 1188 Attica
1026 1122 1137 1208 quarti
1164 1121 1289 1188 saeculi
1316 1127 1367 1186 61·
1387 1142 1443 1185 sc-

255 1239 435 1324 quentium
459 1238 700 1324 examinantes,
724 1244 763 1304 ut
787 1244 979 1304 constantes
1003 1238 1127 1305 formas
1150 1237 1444 1304 nomenclaturae

249 1354 299 1420 ibi
323 1354 495 1420 adhibitae
518 1355 655 1441 penitus
668 1377 956 1440 cognosceremus,
982 1377 1038 1420 eos
1061 1355 1180 1420 titulos
1202 1376 1310 1440 paene
1340 1353 1441 1419 solos

250 1471 438 1555 attigimus,
464 1471 522 1557 qui
542 1494 634 1536 mera
649 1471 789 1537 nomina
801 1471 989 1542 continent,
1014 1478 1229 1555 restatnunc‚
1254 1477 1294 1536 ut
1321 1470 1439 1536 etiam

250 1587 293 1652 ad
327 1587 502 1673 epitaphia
539 1587 652 1673 paullo
687 1586 890 1670 verbosiora‚
926 1609 1010 1671 quae
1045 1587 1199 1652 versibus
1234 1587 1438 1672 composita

250 1699 343 1788 sunt,
379 1704 422 1767 ad
457 1702 711 1787 epigrammata,
734 1724 796 1767 nos
830 1708 1064 1768 convertamus
1101 1702 1258 1788 quodque
1305 1725 1354 1766 ex
1391 1701 1438 1808 iiq

250 1819 294 1884 ad
319 1818 563 1905 epigraphicen
587 1819 808 1904 sepulcralem
843 1802 964 1882 melius
1000 1818 1238 1904 explorandam
1275 1817 1438 1883 conferri

249 1935 373 2021 possit,
408 1955 674 2019 percenseamus
739 1933 866 2012 Quodsi
910 1935 993 1998 haec
1028 1934 1272 2020 epigrammata
1305 1935 1435 2020 paullo

251 2050 440 2118 accinctius
462 2050 643 2134 intuemur,
668 2050 767 2115 facile
791 2050 928 2136 quidem
944 2050 1256 2134 animadvertimus,
1280 2072 1356 2116 non
1383 2051 1437 2115 ita

250 2167 433 2232 multorum
469 2167 619 2232 indolem
648 2189 723 2231 eam
750 2189 833 2250 esse,
869 2188 954 2251 quae
988 2172 1127 2254 propter
1153 2166 1333 2232 materiam
1372 2165 1434 2232 vel

252 2282 437 2349 dictionem
461 2282 505 2347 cd
529 2282 638 2348 acrius
662 2283 813 2348 studium
835 2305 897 2348 nos
920 2282 1057 2366 alliciat,
1093 2305 1169 2347 cum
1196 2283 1362 2368 pleraque
1389 2305 1434 2347 ex
1510 2315 1512 2326 =

250 2399 352 2465 certis
390 2399 593 2484 quibusdam
627 2397 782 2464 formulis
818 2405 877 2464 aut
910 2400 992 2464 totis
1025 2399 1243 2484 dimidiisque
1267 2399 1433 2465 versibus

252 2539 293 2581 ex
316 2517 465 2612 Homero
501 2522 536 2580 61
570 2515 680 2601 poetis
716 2514 1003 2601 epigrammaticis
1028 2515 1078 2594 (ut
1094 2536 1135 2579 ex
1151 2514 1341 2598 Simonide)
1370 2515 1439 2584 de·.

250 2631 416 2719 promptis
441 2637 475 2696 61
499 2631 678 2696 sententiis
703 2631 794 2696 tritis
819 2636 959 2696 consuta
981 2632 1037 2695 vel
1059 2632 1289 2697 contaminabo
1312 2626 1431 2712 sintl)

250 2748 317 2814 Sed
341 2754 456 2814 tamen
479 2771 555 2813 oum
579 2748 751 2830 nonnulla,
777 2769 862 2832 quac
879 2747 1059 2812 sententiis
1080 2747 1226 2833 propriis
1248 2753 1282 2812 ct
1305 2747 1428 2814 verbis

250 2864 294 2929 ad
317 2864 353 2930 id
376 2864 485 2950 ipsum
512 2864 705 2950 compositis
725 2886 843 2929 verum
866 2863 996 2928 luctum
1019 2864 1238 2950 superstitum
1256 2863 1297 2928 de
1313 2869 1430 2929 morte

251 2981 321 3046 cari
345 2980 520 3048 cuiusdam
544 2980 787 3065 consanguinei
811 2979 1014 3065 exprimunt,
1045 2959 1266 3044 etiamnunc
1290 2981 1428 3044 animos

250 3097 411 3181 alliciant,
447 3119 589 3182 cumque
625 3096 739 3162 omnia
763 3097 805 3161 ad
834 3117 944 3160 mores
967 3092 1060 3160 illius
1083 3095 1204 3160 aetatis
1229 3095 1428 3182 cultumque
1510 3147 1511 3166 ἢ

252 3220 286 3279 61
310 3219 437 3279 statum
459 3213 551 3279 vitae
586 3214 763 3298 vulgarem
787 3211 1031 3298 explorandum
1070 3212 1315 3296 quodammodo
1346 3233 1426 3298 per-

252 3331 394 3410 tineent,
430 3350 552 3414 operae
586 3329 735 3416 pretium
769 3327 1013 3402 videturesse,
1049 3327 1117 3392 iam
1141 3328 1183 3393 ad
1206 3327 1267 3393 hos
1291 3348 1426 3414 quoque

257 3445 376 3512 titulos
398 3445 511 3531 paullo
534 3445 673 3531 propius
697 3443 865 3510 accedere.

356 3560 471 3647 Atque
506 3561 535 3626 si
570 3583 748 3626 numerum
783 3560 1066 3646 epigrammatum
1101 3582 1178 3624 cum
1213 3559 1288 3624 aliis
1311 3559 1424 3626 titulis

250 3677 491 3766 sepulcralibus
516 3676 730 3761 conferimus,
767 3676 871 3741 etiam
899 3697 918 3740 a
942 3681 1060 3760 quarto
1084 3676 1216 3741 sacculo
1239 3676 1346 3742 multo
1370 3698 1423 3740 ra·

249 3795 319 3860 rius
344 3817 383 3860 ea
405 3793 570 3880 usurpari,
606 3816 706 3880 quam
734 3793 904 3879 superiore
933 3798 1052 3877 aetate,
1090 3814 1131 3857 ex
1156 3791 1198 3856 iis
1223 3813 1308 3878 quae
1330 3812 1423 3858 nunc

250 3916 394 3995 exstant,
430 3910 589 3995 cognosci
622 3914 744 3996 potest.
791 3910 879 3974 Nam
911 3908 999 3974 sicut
1033 3909 1102 3974 iam
1136 3907 1255 3993 quinto
1280 3908 1419 3990 saeculo,
1474 3999 1475 4002 Ἴ

250 4027 314 4093 6161
338 4026 584 4113 antiquissimis
607 4026 815 4113 temporibus
839 4027 944 4092 multo
967 4025 1074 4091 maior
1089 4046 1167 4110 pars
1183 4024 1334 4090 omnium
1351 4022 1420 4112 epi·

358 4259 383 4327 1)
403 4258 462 4314 osr.
491 4256 664 4328 „memorias
691 4256 862 4312 Homericos
889 4262 920 4312 61
947 4253 1131 4324 Hesiodeas“‚
1159 4271 1231 4326 quas
1258 4253 1364 4311 Kaibel
1389 4252 1420 4308 in

250 4349 345 4410 indice
363 4348 606 4425 epigrammatum
624 4347 758 4406 editionis
777 4345 946 4419 composuit.
