3072 4986
696 325 914 390 ..33-

327 504 435 570 Tituli
457 504 567 571 nostri
590 505 749 589 vulgares
773 474 898 570 formes
922 501 1177 590 peregrinorum
1212 501 1250 568 in
1272 499 1394 568 Attiou

219 621 428 708 sepultorum
451 621 588 705 habent,
613 643 689 686 oum
712 626 847 708 praeter
882 619 987 686 verba
1019 618 1112 704 χαῖρε
1134 613 1275 701 (28047)
1310 607 1394 704 ἀνὴρ
1506 613 1509 620 ’

219 728 389 823 Μιλήσιος
411 736 534 822 (2746),
560 726 646 822 ἥρως
669 737 778 822 (2649,
803 736 905 820 2656)
932 735 1020 838 nihil
1054 735 1264 820 invenietur,
1300 735 1393 822 quod

218 854 296 920 usui
318 853 436 921 Attico
460 853 599 920 obstet·

472 1141 503 1206 3.
528 1139 720 1207 Homines
744 1139 918 1225 originis
942 1139 1135 1204 incertae.

327 1283 397 1351 Sub
420 1283 484 1350 hoe
507 1283 608 1350 titulo
631 1283 668 1348 in
690 1283 838 1349 sectione
855 1288 974 1368 quarta
990 1283 1147 1368 Corporis
1170 1283 1198 1348 Ι.
1223 1281 1265 1348 A.
1282 1281 1339 1366 (H,
1357 1283 1394 1365 3)

218 1401 322 1466 etism
344 1401 524 1466 nonnullos
548 1399 640 1464 cives
664 1399 807 1484 Atticos,
845 1399 904 1485 qui
938 1399 1105 1465 demotioo
1140 1399 1264 1464 omisso
1295 1399 1393 1465 nullo

217 1516 317 1582 modo
353 1517 395 1583 ab
437 1517 513 1582 eliis
548 1516 697 1582 discerni
731 1522 882 1602 possunt,
919 1516 1031 1580 inesse
1066 1515 1134 1580 iam
1168 1538 1269 1602 supra
1291 1538 1324 1602 p.
1349 1515 1394 1579 24

216 1634 402 1700 verisimile
418 1633 638 1717 reddidimus,
662 1633 861 1720 praesertim
878 1655 954 1698 eum
978 1633 1015 1698 in
1037 1631 1230 1697 nominibus
1254 1631 1392 1715 nivium,
1438 1649 1445 1676 ⁴

222 1751 282 1836 qui
305 1750 342 1815 in
366 1772 502 1815 suorum
519 1749 692 1815 domorum
713 1749 839 1815 finibus
856 1748 979 1835 sepulti
996 1755 1101 1833 erent,
1127 1747 1295 1814 demotiea
1308 1771 1394 1813 non-

216 1889 402 1951 numquam
426 1866 549 1932 omisse
573 1888 645 1931 esse
669 1859 839 1947 00001012)
884 1865 1054 1930 Plurimos
1083 1870 1199 1930 temen
1226 1865 1392 1944 homines,

220 2005 362 2068 quorum
386 1981 558 2070 epitaphio
585 1982 642 2047 hie
662 1981 754 2047 edite
774 1986 863 2066 sunt,
887 1980 1093 2067 peregrinos,
1118 1981 1252 2066 nothos,
1277 2003 1391 2047 servos

220 2119 293 2165 esse
318 2098 490 2186 suspicari,
515 2098 720 2184 aliquotiens
743 2098 799 2163 vel
823 2121 864 2163 ex
887 2097 970 2184 ipsis
993 2097 1197 2182 nominibus,
1221 2098 1312 2162 lieet.

327 2243 481 2327 Formae,
517 2242 639 2327 quibus
661 2241 800 2308 nomina
822 2240 943 2306 horum
970 2240 1146 2306 hominum
1181 2239 1393 2326 exhibentur,

220 2359 315 2446 ipsse
339 2380 472 2444 quoque
495 2358 688 2424 Atticorum
723 2357 877 2443 exempla
901 2393 941 2445 -7
967 2357 1098 2422 seilicet
1133 2355 1255 2423 omisso
1280 2356 1393 2424 demo·

153 2511 156 2522 =
221 2475 290 2541 tieo
314 2511 355 2522 -
372 2475 473 2561 plane
490 2479 687 2559 sequuntur,
711 2496 818 2560 peuce
834 2473 1016 2560 seperatim
1033 2495 1292 2542 commemorare
1309 2496 1393 2561 opus

220 2597 285 2657 est:
316 2597 356 2656 ut
377 2591 559 2656 mulierum
594 2590 733 2657 nomina
768 2590 901 2676 saepius
937 2590 981 2654 ad
1003 2590 1183 2656 formulam
1205 2587 1243 2674 k)
1267 2589 1312 2677 (p.
1337 2591 1391 2673 30)
1518 2617 1519 2622 ¹

220 2729 297 2774 oum
319 2731 353 2774 v.
376 2698 525 2792 θυγάτηρ
548 2706 684 2772 reducta
707 2729 793 2789 esse;
828 2707 874 2791 Π,
898 2707 986 2772 4153
1010 2706 1153 2773 formula
1179 2704 1216 2790 v)
1245 2707 1265 2788 (.
1292 2753 1299 2768 .
1325 2755 1332 2768 .
1357 2701 1393 2768 δὲ

220 2814 310 2909 γυνη)
335 2829 454 2908 exstet,
479 2823 566 2889 3813
590 2823 734 2889 formula
757 2822 800 2906 s);
836 2823 870 2890 in
895 2823 998 2888 titulo
1024 2823 1112 2888 4003
1136 2815 1262 2906 (Νονάς
1284 2814 1393 2892 nott,

221 2935 321 3016 ζωνος
344 2929 485 3025 ἀδελφή)
508 2939 613 3004 frater
635 2943 786 3004 mortuae
811 2939 1000 3026 appelletur
1023 2945 1061 3004 ut
1085 2961 1185 3026 supro
1213 2938 1256 3026 (p.
1281 2941 1336 3022 32)
1360 2963 1390 3006 11.
1517 2921 1519 2932 ⁴

220 3057 318 3122 2194.
363 3057 405 3122 In
428 3056 573 3142 singuiis
598 3055 707 3121 titulis
731 3056 786 3120 vel
820 3056 1020 3141 genetivum
1047 3055 1196 3120 nominis
1230 3055 1391 3122 hebemus

219 3171 292 3254 (cfr.
307 3195 407 3259 supra
420 3196 452 3260 p.
466 3173 532 3256 29),
546 3178 585 3238 ut
596 3173 641 3256 Il,
655 3173 742 3236 3627
755 3164 930 3233 Διονυσίου
945 3166 1242 3252 ἐπιβολοδοττοιοῦ,
1253 3173 1298 3256 II,
1305 3173 1390 3238 3943
1518 3237 1519 3244 ¹

221 3281 375 3374 Μηλίδος
398 3311 499 3376 supro
521 3289 754 3374 anaglyphum
777 3288 954 3354 mulierem
978 3311 1054 3354 eum
1070 3310 1174 3374 puero
1197 3309 1391 3375 repraesen-
1518 3325 1519 3334 ¹

220 3412 307 3490 tono,
343 3405 432 3492 quod
454 3405 634 3470 Bruokner
657 3403 807 3484 (Οννιοου.
838 3404 906 3470 tab.
930 3405 975 3487 Π,
1000 3404 1033 3488 ὅ)
1065 3428 1107 3470 ex
1130 3405 1185 3470 W.
1209 3404 1251 3475 A.
1275 3404 1391 3471 Athen

220 3521 335 3590 Privb.
359 3523 402 3587 92
425 3521 554 3609 publici
576 3521 660 3587 iuris
683 3520 765 3587 feeit
789 3557 830 3567 -
854 3542 1057 3607 quamquam
1080 3521 1136 3587 hie
1169 3521 1311 3587 fortasse
1339 3544 1391 3588 or·

222 3639 302 3704 dine
314 3627 1389 3724 nominummutatosubintelligendumestlimpdvpgltlpllslog,

220 3761 259 3822 ut
281 3776 352 3821 non
373 3754 496 3820 mulier
519 3753 579 3820 sed
594 3776 679 3841 puer
701 3755 794 3840 prior
816 3753 873 3818 hie
889 3754 1040 3840 sepultus
1065 3777 1138 3820 esse
1161 3753 1318 3821 videatur
1334 3777 1389 3838 —3

221 3871 285 3956 ΙΠ,
310 3872 397 3936 3142
415 3859 588 3954 Ἕρμωνος,
614 3871 702 3936 3174
725 3859 950 3955 Εὗφροούνου,·
974 3871 1155 3936 3077011111
1174 3870 1311 3936 nomine
1334 3892 1390 3958 pa-

219 3987 282 4054 tris
305 3978 497 4073 Δημητρίας
519 3985 577 4072 τῆς
598 3979 809 4072 Στρομβίχου,
833 3975 1082 4072 Ἀριστομένους
1104 3985 1163 4048 τοῦ
1192 3978 1391 4072 Δημητρίου.

328 4269 355 4342 l)
374 4268 433 4326 Gfr.
452 4287 541 4342 supra
558 4289 585 4343 p.
604 4272 639 4328 33
657 4289 700 4343 sq.

326 4359 355 4432 2)
374 4360 551 4418 Milohhbfer
568 4363 634 4419 Au.
656 4362 734 4420 Mitt.
754 4362 790 4432 V,
810 4361 860 4416 187
879 4364 939 4416 not.
