3072 4986
694 329 912 394 ..55-

217 509 328 574 stione
351 510 527 574 Brtickner
551 505 717 592 (Sitapber.
740 531 774 595 p.
798 509 862 574 531
887 504 975 595 sqq.)
1002 505 1168 592 adhibuit,
1199 529 1276 572 cum
1304 506 1392 572 item

216 624 489 711 Furtwaengleri
501 625 691 691 sententiae
703 625 947 708 adversaretur,
965 625 1025 711 qui
1035 623 1189 690 homines
1202 624 1251 689 ita
1263 623 1394 689 iunctis

216 743 371 808 manibus
394 747 662 829 repraesentatos
686 747 721 806 et
743 764 763 806 a
787 740 1010 807 familiaribus
1046 740 1271 807 circumdatos
1299 739 1395 827 apud

133 857 135 860 ’
216 857 344 924 inferos
368 880 441 923 sese
464 859 610 924 salutare
634 851 854 938 arbitratur.¹)

321 974 442 1040 Restat
466 974 661 1040 etiamnunc
684 973 777 1040 aliud
801 995 909 1058 genus
933 973 1215 1061 anaglyphorum,
1240 995 1280 1038 ea
1301 972 1391 1058 dice,

215 1089 337 1176 quibus
372 1113 456 1157 cena
490 1090 686 1177 sepulcralis
720 1095 1002 1176 repraesentatur.
1050 1090 1144 1170 Quae
1178 1089 1292 1155 omnia
1325 1090 1395 1156 etsi

215 1189 324 1293 primo
348 1207 548 1274 recentioris
571 1207 692 1273 aetatis
708 1229 780 1272 esse
796 1206 1014 1293 putabantur,
1037 1212 1153 1272 tamen
1168 1229 1260 1272 nunc
1275 1206 1332 1271 vel
1348 1226 1394 1272 ex

215 1329 334 1409 quarto
358 1330 393 1388 et
416 1324 535 1409 quinto
559 1325 691 1390 saeculo
707 1323 837 1409 aliquot
853 1324 1008 1411 exempla
1023 1323 1115 1389 illins
1132 1343 1234 1389 cenae
1250 1323 1395 1408 cognita

214 1445 304 1505 sunt.
350 1439 470 1506 Paullo
493 1447 570 1527 post
593 1441 713 1507 eadem
734 1440 772 1504 in
796 1439 952 1507 omnibus
980 1438 1052 1505 fere
1085 1438 1293 1526 regionibus,
1328 1439 1393 1505 ubi

216 1555 341 1621 Graeci
363 1554 573 1642 habitabant,
598 1565 699 1644 atque
727 1557 829 1622 etiam
853 1557 891 1621 in
913 1556 1144 1622 monumentis
1166 1556 1331 1622 Romanis
1355 1562 1395 1622 et

214 1671 595 1759 Etruscispervulgata
618 1679 707 1740 sunt.
754 1671 920 1740 Omnibus
955 1673 1143 1738 communis
1178 1679 1230 1738 est
1263 1672 1319 1740 vir
1353 1673 1395 1740 in

113 1763 119 1775 .
214 1788 338 1853 lectulo
361 1789 554 1873 reclinatus,
591 1789 729 1855 sinistra
751 1796 904 1876 pateram
939 1795 1075 1872 tenens3
1110 1788 1154 1854 ad
1188 1789 1260 1855 eius
1283 1788 1394 1876 pedes

153 1895 158 1904 ’
213 1905 251 1970 in
274 1903 343 1970 fine
366 1905 484 1970 lectuli
506 1905 562 1971 vel
585 1905 623 1971 in
646 1906 728 1971 sella
752 1906 848 1971 sedet
864 1905 986 1971 mulier
1001 1927 1101 1992 saepe
1117 1906 1302 1972 canistrum
1319 1905 1393 1972 fru-

214 2020 315 2106 gibus
338 2021 394 2086 vel
418 2021 492 2087 aliis
516 2021 658 2109 dapibus
682 2023 818 2108 plenam
841 2022 874 2087 ei
894 2022 1055 2106 offerens3
1079 2023 1278 2109 plerumque
1302 2045 1392 2110 puer

214 2136 412 2203 ministrans
424 2159 529 2224 prope
542 2144 707 2205 craterem
719 2137 888 2225 quendam
900 2138 1117 2225 conspicitur.
1158 2139 1251 2205 Ante
1263 2140 1395 2207 lectum

214 2275 320 2341 parva
353 2277 469 2320 mensa
510 2255 616 2341 tripes
651 2255 777 2340 adstat,
813 2255 851 2320 in
886 2278 952 2342 qua
986 2255 1074 2320 varii
1108 2254 1177 2320 cibi
1205 2257 1391 2344 compositi

216 2364 342 2454 sunt²);
377 2371 414 2435 in
437 2371 616 2456 permultis
639 2370 820 2460 lapidibus,
858 2371 917 2459 qui
943 2372 1040 2437 velut
1063 2369 1280 2438 anathemata
1303 2373 1393 2440 facti

216 2479 310 2571 sunt,
350 2493 515 2574 apparent
555 2487 658 2554 etiam
697 2489 886 2575 complures
925 2487 1079 2555 homines
1117 2488 1267 2555 minores
1311 2497 1394 2578 post

217 2608 353 2688 tergum
387 2602 540 2668 mulieris
574 2603 611 2670 in
645 2604 784 2670 sInistra
817 2610 914 2692 parte
938 2605 1097 2671 sedentis.
1144 2605 1303 2690 Longum
1319 2615 1393 2692 est,

217 2717 384 2804 quidquid
418 2719 460 2784 de
493 2720 547 2785 his
583 2720 813 2787 monumentis
848 2720 919 2787 iere
951 2721 1256 2787 innumerabilibus
1280 2722 1394 2790 adhuc

216 2835 447 2919 excogitatum
482 2843 584 2924 atque
619 2837 832 2924 propositum
866 2838 921 2922 sit,
957 2837 1014 2903 hic
1041 2837 1162 2902 afferre
1195 2839 1251 2904 vel
1273 2861 1394 2906 recen-

216 2972 305 3035 sere,
340 2953 540 3037 praesertim
580 2975 656 3019 cum
695 2975 738 3018 ne
777 2954 958 3020 minimum
992 2953 1130 3041 quidem
1165 2977 1242 3020 cum
1278 2957 1393 3022 titulis

216 3067 458 3153 sepulcralibus
482 3087 671 3135 connexum
688 3069 844 3136 habeant.
891 3071 966 3136 Hoc
990 3070 1074 3156 dico,
1099 3070 1228 3136 nullam
1245 3095 1392 3158 causam,

216 3205 292 3250 meo
317 3183 455 3270 quidem
479 3184 616 3270 iudicio,
641 3209 723 3272 esse,
749 3209 809 3252 cur
828 3187 951 3253 nonin
967 3186 1020 3252 his
1037 3209 1169 3274 quoque
1186 3189 1392 3276 anaglyphis

215 3299 353 3382 Atticis,
388 3301 476 3366 sicut
509 3301 546 3367 in
581 3302 819 3388 superioribus,
855 3325 1012 3369 scaenam
1047 3326 1088 3368 ex
1114 3305 1188 3369 vita
1217 3304 1391 3370 cotidiana

216 3422 387 3503 sumptam
403 3439 653 3503 cognoscamus,
678 3441 789 3506 neque
808 3411 877 3485 ullo
893 3418 992 3484 modo
1008 3419 1132 3485 adduci
1146 3442 1201 3485 me
1217 3441 1326 3506 posse,
1349 3427 1390 3486 ut

215 3538 342 3619 putam,
356 3533 553 3600 sublimiora
565 3534 729 3621 quaedem
740 3535 864 3621 gaudia
875 3541 1092 3622 mortuorum,
1106 3537 1202 3623 quasi
1212 3536 1388 3603 hominum

215 3722 428 3730 ——-——-

323 3833 351 3905 1)
370 3834 430 3891 ufr.
444 3835 521 3908 quod
533 3835 709 3892 Studniczka
722 3835 871 3916 denfiguris
884 3837 1043 3910 anaglyphi
1056 3837 1122 3894 chii
1135 3839 1200 3895 Ata.
1220 3840 1298 3896 Matr.
1311 3837 1388 3894 XIII

217 3922 309 3996 (1888)
327 3944 355 3997 p.
376 3925 427 3980 193
445 3943 473 3980 n.
495 3926 528 3980 18
546 3924 623 3982 dicit.

322 4015 349 4084 2)
367 4013 469 4070 Mensa
485 4014 634 4072 rarissime
646 4014 754 4072 omissa
767 4021 819 4087 est,
838 4017 889 4073 csr.
902 4016 1087 4088 Hollaender,
1106 4017 1142 4073 de
1156 4019 1251 4089 anagl.
1264 4019 1384 4092 sepulcr.

216 4103 325 4175 Graec,
354 4121 426 4176 quae
455 4122 554 4161 cenam
583 4122 707 4178 repracs.
735 4105 872 4162 dicuntur
899 4106 993 4178 (1865)
1021 4107 1071 4179 fig.
1096 4114 1124 4160 A
1147 4113 1177 4164 et
1201 4113 1234 4178 B,
1263 4125 1385 4179 quarum

215 4193 338 4249 alteram
357 4192 405 4264 (B)
425 4193 549 4267 exempli
561 4193 657 4267 gratia
675 4194 750 4252 falso
769 4195 817 4252 hic
836 4195 994 4252 adhibitam
1014 4214 1086 4268 esse,
1106 4215 1172 4254 cum
1185 4215 1256 4252 cena
1267 4196 1385 4253 minime

215 4281 369 4356 designata
386 4283 433 4354 sit,
453 4302 488 4340 ex
507 4290 610 4358 ectypo
629 4303 739 4358 gypseo
758 4286 938 4344 Beroh'neusi
956 4292 1084 4359 apparet,
1104 4286 1155 4342 cfr.
1167 4287 1262 4344 R-W.
1274 4306 1302 4342 n.
1317 4285 1385 4343 1055

214 4377 246 4428 et
262 4392 291 4430 n.
312 4373 389 4429 1052.

1522 797 1524 842 l

1519 2181 1526 2274 r

1524 2361 1526 2488 ³

1521 2514 1527 2628 ¹

1525 2727 1527 2874 l
