3072 4986
693 303 913 370 ,48-

219 503 420 569 cognoscere
446 483 625 570 possimus.
682 482 734 549 Ae
769 484 951 572 singularis
975 484 1140 570 quaedam
1174 483 1227 551 vis
1260 481 1296 549 in
1323 482 1394 550 hac

218 599 414 685 quaestione
436 607 616 686 propterea
639 599 744 684 inest,
773 600 1012 685 quod-auctori
1037 577 1112 666 iam·
1128 606 1200 666 toto
1223 605 1394 688 apparatu
1516 667 1517 670 ,

217 721 375 801 typorum
398 715 742 803 photographieorum
764 717 817 783 uti
840 717 947 802 licuit,
973 739 1056 802 quos
1073 716 1243 782 academia
1258 717 1391 783 Vindo-
1516 719 1517 722 ’

216 831 377 897 bonensis
417 831 459 896 ad
494 854 656 917 magnum
690 854 810 919 corpus
845 833 1115 919 anaglyphorum
1150 832 1392 920 sepulcralium

217 946 420 1033 Atticorum,
445 947 535 1033 quod
556 948 682 1014 Conaio
707 956 842 1014 auctore
865 971 925 1035 per
948 949 1071 1015 multos
1087 949 1155 1014 iam
1171 971 1276 1014 annos
1291 971 1392 1036 prae-

19 1083 20 1102 *
148 1145 151 1156 ¹
217 1068 364 1149 paratur,
390 1063 558 1130 edendum
593 1063 726 1130 abunde
761 1065 908 1150 collegit.
953 1066 1071 1154 Nuper
1099 1065 1201 1131 etiam
1235 1064 1277 1130 de
1310 1087 1391 1130 ana·

218 1179 357 1268 glyphis
382 1180 624 1267 sepulcralibus
660 1182 778 1247 eodem
813 1187 985 1269 apparatu,
1021 1181 1080 1267 qui
1102 1181 1236 1266 dieitur,
1259 1180 1390 1246 Vindo-

197 1295 361 1362 -bonensi
419 1297 486 1378 (W.
525 1293 583 1380 A.)
621 1319 701 1362 usus
749 1297 962 1384 quaestiones
1001 1297 1168 1382 quasdam
1212 1296 1389 1380 ambiguas

216 1409 421 1495 Brtckner¹)
437 1413 574 1480 uberius
590 1413 761 1498 tractavit,
787 1413 830 1478 ad
854 1435 935 1498 quas
959 1435 1021 1478 nos
1045 1435 1178 1499 quoque
1202 1412 1327 1499 partim
1349 1412 1390 1476 in

217 1528 279 1594 hae
309 1530 451 1595 materia
474 1530 631 1596 accedere
667 1551 751 1615 opus
776 1535 837 1594 est.
885 1529 1037 1614 Cumque
1061 1552 1102 1594 ex
1131 1530 1195 1595 hoc
1225 1533 1391 1616 apparatu

218 1666 334 1710 omnes
359 1645 573 1731 quaestiones
607 1645 708 1711 hodie
731 1645 917 1731 pendeant,
952 1668 1062 1731 neque
1097 1644 1280 1732 quidquam
1315 1644 1389 1710 sine

217 1783 256 1826 eo
279 1761 316 1826 in
340 1759 403 1827 hac
426 1761 567 1826 materia
585 1761 715 1827 absolui
730 1761 847 1848 possit,
872 1762 955 1827 satis
980 1762 1034 1846 sit,
1058 1763 1209 1827 hocloco
1225 1761 1386 1846 breviter,

217 1877 299 1961 quid
323 1877 432 1943 adhuc
457 1877 499 1943 de
522 1878 668 1963 singulis
691 1877 873 1964 generibus
896 1877 1047 1964 lapidum
1070 1877 1308 1962 sepulcralium
1331 1900 1388 1942 ex-

216 1993 384 2078 ploratum
408 1994 462 2079 sit,
487 1995 728 2081 perstringere.

324 2135 575 2222 Antiquissima
609 2137 718 2204 forma
747 2138 921 2226 cipporum
949 2139 1034 2203 stela
1056 2159 1194 2224 procera
1218 2143 1252 2202 et
1274 2128 1387 2202 tenuis

219 2259 278 2338 est,
296 2275 381 2339 quae
397 2254 575 2339 paullatim
592 2260 763 2320 contracta
784 2277 884 2340 saepe
900 2254 937 2318 in
953 2254 1072 2320 folium
1087 2254 1233 2340 palmam
1249 2253 1388 2319 imitans

218 2403 260 2414 -
290 2369 379 2455 quod
406 2376 575 2436 nostrates
603 2369 762 2434 Palmatis
789 2377 913 2437 vocant
942 2407 982 2416 —
1017 2369 1158 2436 desinit:
1187 2392 1288 2456 quam
1319 2368 1388 2435 for·

217 2507 306 2549 mam
341 2485 371 2550 si
394 2485 591 2552 Brueckner
625 2485 776 2569 (Orcum.
800 2510 834 2574 p.
860 2485 915 2568 59)
947 2509 1016 2552 non
1039 2509 1131 2554 mere
1153 2486 1304 2552 1111111111
1328 2485 1388 2550 sed

218 2601 355 2666 omnino
379 2601 544 2667 Graecam
567 2624 640 2667 esse
665 2601 758 2686 dicit,
794 2609 896 2688 11111,
932 2603 962 2667 11
990 2602 1072 2688 quid
1103 2601 1212 2687 video,
1248 2601 1385 2667 iudicat.

217 2716 259 2782 In
283 2739 322 2782 ea
345 2718 430 2782 stela
452 2741 577 2784 nomen
599 2719 725 2784 mortui
746 2718 949 2805 inscriptum
973 2725 1007 2784 et
1025 2718 1157 2803 effigies
1173 2719 1228 2783 vel
1245 2718 1386 2804 anagly-

169 2864 172 2870 ·
216 2833 285 2920 pho
308 2834 364 2899 vel
386 2835 519 2920 pictura
542 2857 699 2920 expressa
723 2839 803 2918 1111,
829 2856 914 2920 quae
931 2835 996 2899 etsi
1012 2833 1049 2898 in
1064 2833 1181 2898 multis
1197 2840 1387 2920 temporum

217 2949 343 3014 iniuria
355 2950 504 3035 evannit,
521 2950 558 3016 in
570 2950 743 3016 nonnullis
757 2951 813 3015 vel
824 2950 925 3016 hodie
938 2950 1088 3037 conspici
1100 2956 1213 3036 potest
1226 2953 1272 3032 (v.
1286 2950 1386 3015 stelas

216 3065 411 3150 Aristionis‚
428 3067 568 3162 Lys‘eaa
586 3066 652 3150 11.)
693 3067 867 3145 Quomodo
891 3073 1004 3132 autem
1027 3066 1090 3131 hae
1106 3067 1211 3131 stelae
1227 3088 1387 3152 procerae

215 3180 317 3246 initio
341 3181 445 3246 solius
468 3183 594 3248 mortui
616 3183 767 3268 imagine
791 3177 1005 3264 instructaei)
1029 3189 1146 3268 postea
1162 3183 1199 3248 in
1217 3181 1385 3248 aediculas

217 3288 527 3382 11111(ναϊδόσχημα
548 3298 708 3384 Kuman,
732 3297 872 3364 Naislocs
895 3298 1082 3379 Brdckner)
1106 3299 1284 3385 paullatim
1308 3320 1385 3364 con·

215 3434 333 3478 versae
361 3414 441 3498 sint,
480 3413 518 3478 in
556 3414 676 3500 quibus
712 3437 732 3479 a
765 3415 891 3481 finibus
925 3413 1038 3500 quinti
1065 3419 1100 3478 et
1128 3413 1239 3500 quarti
1262 3413 1387 3480 saeculi

216 3529 403 3616 complures
426 3529 556 3616 figurae
579 3552 679 3617 saepe
702 3530 895 3596 admirabili
918 3529 1062 3616 quadam
1086 3535 1158 3594 arte
1180 3536 1215 3595 et
1229 3530 1385 3616 magnifi-

216 3645 330 3710 centia
354 3667 530 3732 expressae
560 3652 705 3732 exstant‚
739 3647 917 3712 Brr'iekner
940 3645 974 3730 (l.
999 3647 1020 3712 l.
1044 3667 1077 3731 p.
1102 3645 1245 3725 60-78)
1269 3667 1385 3712 monu-
1427 3618 1439 3632 ⁵

215 3766 407 3826 mentorum
431 3762 594 3849 exemplis
617 3762 763 3848 adiutus,
788 3785 919 3828 summa
941 3784 1017 3828 cum
1036 3762 1284 3849 probabilitate,
1311 3779 1406 3828 meo·

323 4069 350 4141 1)
372 4073 499 4142 Sitspber.
519 4073 544 4128 d.
573 4074 659 4128 Wiea.
679 4074 769 4130 Aaou.
789 4073 846 4128 vol.
868 4073 919 4128 116
939 4070 1031 4143 (1888)
1050 4089 1076 4144 p.
1096 4073 1148 4128 501
1168 4089 1229 4144 sqq.

322 4159 351 4232 8)
369 4161 478 4216 Postea
503 4161 591 4216 etiam
618 4163 715 4233 plures
743 4162 855 4234 figurae
884 4163 1055 4218 coniunctae
1086 4168 1172 4233 atque
1200 4154 1296 4232 ὑδρίαι
1324 4159 1384 4217 sive

215 4241 330 4348 lquvdoc
356 4249 471 4322 saepius
499 4250 530 4305 in
557 4251 593 4306 iis
621 4257 747 4323 exstant,
775 4251 811 4307 de
834 4251 938 4324 quibus
960 4251 1151 4307 Kumanudes
1174 4251 1192 4305 l.
1211 4251 1230 4306 l.
1254 4269 1280 4322 p.
1300 4254 1327 4303 ιέ
1343 4269 1383 4322 sq.
1425 4273 1429 4284 ·

215 4339 304 4396 verba
322 4339 400 4394 facit.
