3072 4986
651 341 870 405 „60..

281 516 359 582 Mos
390 517 545 604 proprius
570 518 806 584 Thessalorum
836 524 896 603 est,
932 525 972 584 ut
1002 520 1148 584 Hermae
1176 519 1213 585 in
1237 518 1348 606 cippis

176 633 417 718 sepulcralibus
441 634 634 722 anaglypho
656 635 901 721 repraesentati
923 635 979 702 vel
1002 635 1069 722 ipsi
1092 636 1165 702 loco
1186 636 1348 701 stelerum

174 749 278 834 positi
301 749 380 815 sint.
427 751 572 837 Utrique
596 751 763 817 Mercurio
788 751 937 817 dedicati
957 773 1030 818 esse
1051 752 1212 818 videntur
1234 751 1349 818 verbis

174 864 293 930 incisis
319 854 460 950 Ἑρμάου
487 859 635 946 χθονίου,
672 868 842 933 rarissime
877 868 915 933 10
948 867 1119 955 lapidibus
1154 868 1349 934 recentibus

176 1003 329 1047 sermone
343 983 484 1068 vulgato
497 973 598 1069 Ἑρμῇ
612 977 778 1068 χθονίῳῑ),
796 983 854 1070 qui
870 1008 950 1051 usus
970 991 1042 1051 tota
1058 985 1232 1050 Thessalia
1246 986 1350 1072 plane

175 1098 328 1184 vulgaris
363 1107 423 1166 est.
469 1100 512 1166 In
534 1123 602 1166 11οο
626 1099 751 1188 oppido
775 1100 817 1166 ad
846 1123 938 1167 mare
962 1102 1038 1188 sito,
1061 1101 1213 1187 Pegasis,
1237 1123 1349 1187 neque

175 1213 322 1280 Hermae
338 1216 389 1282 illi
404 1239 514 1303 neque
531 1216 700 1284 adiectiva
711 1217 945 1303 patronymica
958 1223 1089 1283 exstare
1101 1217 1270 1301 videntur,
1288 1215 1350 1282 sed

175 1329 212 1396 in
227 1331 353 1398 tabulis
370 1333 612 1420 sepulcralibus
628 1355 753 1399 000100
769 1333 876 1419 patris
893 1356 1026 1421 semper
1041 1334 1202 1419 genetivo
1214 1355 1349 1421 expres·

176 1468 250 1512 sum
284 1454 323 1514 ut
347 1449 437 1536 apud
461 1455 589 1515 ceteros
614 1449 760 1516 Graecos
791 1449 994 1516 invenimus.
1041 1449 1098 1515 Ad
1132 1449 1179 1515 id¹
1202 1451 1351 1516 multum

174 1563 322 1629 valuisse
344 1571 436 1651 puto,
473 1566 562 1651 quod
586 1589 730 1652 magnus
753 1588 913 1632 numerus
947 1566 1202 1653 peregrinorum
1226 1567 1263 1632 in
1285 1567 1351 1632 hoc

175 1679 300 1766 oppido
323 1681 493 1748 habitasse
516 1681 664 1766 videtur,
688 1682 857 1768 siquidem
872 1689 964 1747 reete
986 1681 1050 1748 hoo
1071 1705 1113 1747 ex
1128 1682 1351 1749 multitudiue

175 1795 361 1882 cipporum,
386 1798 423 1863 in
440 1797 560 1883 quibus
576 1799 791 1884 gentilicium
807 1805 926 1883 exstat,
948 1799 1064 1884 colligi
1079 1795 1231 1886 potest.²)
1254 1801 1352 1865 Inter

173 1912 328 1978 homines
351 1913 400 1980 ibi
422 1914 614 1981 nominatos
631 1916 817 2002 complures
834 1915 960 2001 Κρῆτες
980 1909 1131 1977 Τυλίσιοι
1155 1939 1197 1980 ex
1221 1915 1349 2002 oppido

175 2028 296 2094 Cretae
320 2031 437 2116 Tyliso
461 2031 527 2097 orti
550 2037 639 2116 sunt,
665 2037 700 2096 et
722 2032 759 2097 in
783 2032 884 2098 titulo
900 2030 997 2096 Arch.
1014 2032 1096 2097 Zeu.
1124 2033 1209 2098 1876
1232 2055 1265 2118 p.
1283 2032 1350 2098 286

174 2167 208 2212 n.
232 2146 253 2210 e
277 2147 380 2213 etiam
403 2139 493 2232 Κρὴς
516 2141 668 2222 Δίαιος.
715 2148 939 2236 Epitaphium
962 2145 1145 2214 1111011.
1169 2148 1191 2213 1.
1212 2149 1287 2214 in.
1307 2150 1349 2214 13
1390 2132 1397 2144 ‘

176 2260 320 2328 formam
331 2264 523 2349 legitimam
535 2269 765 2330 matronarum
781 2265 930 2330 exhibet:
950 2257 1113 2350 Κρατησώ
1129 2256 1348 2345 Κλεοβούλου,

176 2369 295 2440 Σκόπα
318 2371 406 2464 γονή.

263 2495 324 2565 ⁴In
347 2496 458 2562 insula
481 2497 581 2563 Samo
605 2497 641 2562 in
672 2497 783 2563 titulis
807 2496 933 2562 saeculi
956 2498 1078 2584 quarti,
1113 2495 1260 2583 quorum'
1278 2498 1351 2584 ple·

176 2613 272 2698 rique
296 2598 414 2678 formis
437 2612 565 2678 Atticis
589 2613 713 2698 ubique
737 2613 888 2698 vulgatis
905 2613 1033 2678 similes
1050 2626 1139 2699 sunt,
1164 2608 1350 2694 nonnulli3)

178 2729 395 2816 reperiuntur
418 2729 527 2795 forma
549 2730 650 2816 plane
666 2729 829 2795 inusitata
845 2730 1011 2815 concepti,
1037 2730 1096 2815 qui
1118 2753 1243 2796 001000
1260 2752 1352 2794 0101-

177 2845 238 2929 tui,
263 2846 368 2911 semel
391 2869 468 2912 cum
499 2846 685 2931 gentilicio,
722 2846 759 2910 in
785 2845 900 2911 dativo
925 2845 1100 2912 exhibent:
1136 2838 1353 2928 Μοιονδρίωι

176 2953 446 3043 Ἀπολλοθέμιος
467 2957 662 3048 Κοζικηνῶι.
710 2962 804 3040 Quae
827 2985 881 3027 res
899 2969 1018 3048 quarto
1035 2964 1167 3029 saeculo
1191 2963 1350 3028 1011100-

178 3080 230 3146 cia
250 3087 320 3145 tam
342 3079 523 3164 singularis
540 3085 601 3163 est,
627 3085 666 3144 ut
689 3079 776 3144 011111
797 3079 890 3145 0111111
913 3078 993 3144 huic
1016 3078 1126 3143 simile
1143 3079 1256 3144 afferri
1272 3100 1349 3165 pos-

179 3197 233 3262 sit.
279 3197 367 3263 Nam
391 3203 556 3283 quotquot
578 3195 696 3260 titulos
720 3196 923 3282 sepulcrales
947 3218 988 3260 ex
1010 3195 1073 3260 hac
1101 3200 1211 3260 aetate
1240 3194 1352 3259 editos

178 3312 307 3398 inveni,
329 3313 369 3385 Ι10
391 3313 484 3378 nullo
509 3313 626 3378 eadem
642 3311 751 3378 forma
775 3318 885 3378 exstat
907 3334 1017 3397 neque
1033 3311 1140 3397 ipsius
1157 3311 1250 3377 Sami
1267 3310 1351 3375 alios

179 3429 298 3494 titulos
320 3429 529 3496 verbosiores
553 3428 726 3512 habemus,
762 3429 884 3514 quibus
918 3428 980 3494 hos
1004 3427 1221 3513 interpretari
1244 3425 1351 3512 possi·

179 3567 264 3610 mus.
311 3546 399 3612 Nam
423 3545 452 3611 si
475 3546 679 3611 sententiam
705 3546 873 3632 complere
896 3545 1063 3629 volumus,
1087 3545 1136 3608 ita
1158 3542 1229 3608 fere
1249 3541 1352 3607 scribi

179 3662 306 3749 potuit:
321 3662 538 3747 „Maeandrio
554 3670 812 3728 monumentum
829 3659 1003 3727 conditum
1020 3656 1091 3726 est“
1108 3659 1165 3726 vel
1178 3657 1353 3744 „condidit

180 3775 337 3865 aliquis“,
368 3785 407 3844 ut
430 3802 457 3845 e.
482 3803 514 3865 g.
538 3779 575 3846 in
597 3776 708 3844 titulis
732 3777 931 3863 Amorginis
966 3776 1214 3863 antiquioribus
1250 3797 1352 3862 supra

181 3917 214 3981 p.
242 3897 293 3961 10.
341 3895 409 3961 Sed
432 3896 461 3961 si
484 3894 547 3961 hoc
570 3896 737 3982 ponimus,
763 3918 805 3960 ex
828 3893 983 3980 analogia
1006 3893 1157 3959 omnium
1189 3891 1353 3958 similium

290 4196 317 4267 1)
337 4199 402 4254 Ata.
424 4198 503 4254 Mitt.
522 4197 574 4266 XI,
594 4196 628 4251 55
648 4214 708 4268 sqq.
728 4214 755 4252 0.
775 4198 818 4252 36.
837 4198 880 4252 38.
900 4197 944 4252 45.

288 4289 317 4354 2)
337 4287 396 4342 afr.
415 4286 601 4359 potissimum
618 4287 694 4343 LeB.
714 4286 752 4357 Il,
772 4289 823 4343 221
845 4305 905 4358 sqq.
942 4287 1008 4341 Ast.
1036 4286 1114 4341 Mitt.
1138 4283 1191 4354 XI,
1215 4283 1249 4338 47
1274 4299 1333 4354 sqq.

288 4377 317 4448 3)
339 4379 415 4434 Ball.
435 4377 468 4442 V,
488 4378 541 4433 489
560 4396 588 4433 0.
609 4377 722 4432 15--17.
759 4379 825 4434 Ata.
847 4378 925 4434 Mitt.
944 4375 997 4445 IX,
1016 4375 1070 4432 260
1082 4375 1109 4430 b.
