3072 4986
698 377 917 442 ...34....

222 557 359 624 Atticae
394 555 571 624 confusum
605 577 678 622 esse
712 561 838 643 putem.
891 555 1002 634 Quare
1033 555 1097 622 hoo
1123 554 1224 622 titulo
1251 553 1396 622 refutari

223 673 317 759 illud,
344 673 433 760 quod
456 673 522 739 iem
546 673 627 739 inde
650 695 670 738 1
691 672 908 739 Kumenudie
932 673 1021 738 euris
1044 679 1187 752 constet,
1210 694 1280 738 non
1298 677 1394 758 puto,

223 791 264 856 in
287 791 397 856 nullo
421 789 631 876 epitaphio
655 789 758 856 oivis
774 789 901 856 Attici
917 811 1055 880 vocem
1068 788 1178 873 χαῖρε
1201 787 1393 854 inveniri.

668 1039 699 1106 2.
722 1038 951 1127 Peregrini.
1020 1053 1022 1059 ’

331 1181 467 1250 Civium
489 1179 684 1248 Atticorum
710 1181 887 1248 nominum
910 1180 1034 1248 formes
1070 1182 1226 1248 omnibus
1261 1187 1393 1267 tempo-

224 1298 318 1364 ribus
339 1298 442 1366 etiem
457 1297 630 1384 peregrini
658 1298 731 1364 sive
753 1293 904 1378 μέτοικοι
927 1297 965 1364 in
987 1297 1106 1364 Attica
1129 1335 1170 1344 -
1194 1297 1296 1364 initio
1319 1297 1394 1384 qui·
1523 1351 1524 1356 ,

225 1415 302 1481 dem
324 1415 435 1502 plane,
458 1420 575 1501 postea
597 1436 678 1480 vero
702 1437 778 1480 oum
801 1415 942 1481 lieentia
959 1414 1104 1501 quedem
1120 1451 1162 1462 -
1179 1415 1287 1481 seeuti
1303 1420 1393 1500 sunt,

225 1554 300 1598 eum
323 1531 366 1596 ad
389 1553 513 1597 nomen
536 1531 661 1596 mortui
684 1531 722 1596 in
749 1531 962 1598 nominativo
991 1553 1070 1597 oasu
1097 1531 1246 1618 positum
1281 1531 1394 1616 genti-

224 1648 342 1714 licium
365 1648 538 1733 adderent,
564 1647 680 1712 addito
703 1648 760 1713 vel
783 1648 907 1714 omisso
929 1649 1066 1714 nomine
1091 1648 1210 1735 patris:
1234 1670 1288 1714 res
1312 1671 1394 1714 sene

223 1763 462 1846 memorabilis,
492 1787 567 1829 oum
591 1763 628 1828 in
650 1763 821 1850 plerisque
849 1763 1046 1830 civitatibus
1072 1764 1245 1852 peregrini
1275 1765 1394 1830 eedem

223 1879 341 1965 torma,
366 1903 432 1966 qua
455 1879 546 1946 domi
570 1887 779 1965 consuerent,
805 1879 978 1968 epitaphia
1001 1881 1177 1967 concipere
1200 1881 1357 1947 solerent.

329 1997 434 2063 Levis
467 1997 630 2062 momenti
665 2003 725 2082 est,
767 1998 871 2063 semel
905 1997 1044 2063 nomine
1079 1997 1284 2084 transpositu
1319 2019 1392 2062 esse

224 2105 402 2198 Παχράτης
422 2102 648 2198 Ἀλεξανδρεῦς
669 2101 790 2197 Ἀρέιυς
814 2111 902 2180 ΟΙΑ.
927 2114 972 2198 Π,
998 2109 1123 2196 27691)
1163 2115 1254 2180 Num
1277 2113 1315 2178 in
1337 2113 1391 2178 tit.

223 2204 516 2295 1.,2790111111111
539 2230 664 2296 mortui
687 2251 779 2294 more
802 2237 918 2295 vetere
947 2231 983 2295 in
1011 2231 1171 2316 genetivo
1200 2253 1279 2296 casu
1301 2231 1392 2316 posi-

224 2352 298 2411 tum
321 2346 376 2430 sit,
405 2367 474 2412 non
498 2345 765 2432 diiudiesrverim²
803 2347 882 2432 quio
911 2347 1032 2412 titulus
1059 2347 1097 2413 in
1123 2348 1228 2412 latere
1252 2346 1392 2412 mutilus

224 2462 369 2530 videtur.

331 2579 551 2644 Feminarum
575 2578 713 2644 nomine
735 2601 838 2644 unam
861 2579 1005 2645 formam
1029 2602 1049 2645 1
1073 2579 1200 2646 oivium
1216 2583 1392 2646 eonsuetu-

228 2694 307 2760 dine
331 2695 476 2760 elienem
498 2695 634 2781 hebent,
660 2718 736 2761 eum
759 2695 860 2762 liceat
876 2696 1091 2782 gentilicium
1107 2697 1210 2762 etiam
1227 2695 1270 2762 111
1286 2695 1392 2782 ipsius

225 2817 377 2876 mortuae
400 2834 525 2878 nomen
548 2811 684 2896 referre,
712 2834 782 2878 non
806 2813 923 2897 solum,
948 2819 986 2878 ut
1008 2812 1212 2879 demotioum
1228 2811 1392 2896 Atticum,

228 2925 271 2992 ad
294 2927 400 3012 patris
423 2929 480 2994 vel
503 2928 628 3013 mariti,
652 2929 750 2994 utin
773 2929 874 2995 titulo

331 3044 375 3126 w)
398 3045 443 3130 H,
468 3045 555 3110 2736
577 3034 784 3130 Ἀσκληττιάς
807 3035 925 3130 Μηνου
949 3034 1128 3130 Ἀγκυρονή

226 3165 261 3224 11
298 3160 503 3247 saepissime,
545 3161 708 3228 Romanis
750 3161 959 3247 temporibus
995 3147 1136 3246 semper,
1177 3147 1281 3226 etiani
1321 3161 1394 3226 sine

225 3276 362 3342 nomine
400 3278 517 3362 petris.
564 3277 636 3343 Neo
670 3286 786 3343 temen
821 3277 916 3342 deest
951 3277 1060 3343 forma
1094 3277 1221 3344 Atticis
1258 3277 1393 3362 usitate,

225 3399 264 3456 ut
287 3393 373 3457 2752
398 3385 535 3454 Νικασώ
551 3386 724 3478 Αἰγιναία,
745 3387 849 3467 (Durio
865 3382 1035 3478 Εὗμάρους
1049 3385 1282 3478 Αἰγινήτου,
1307 3393 1394 3459 3273
1523 3467 1524 3482 3

226 3503 473 3595 (Πλαταιειιῦς),
494 3510 583 3574 3344
597 3503 805 3594 (nomem),
830 3510 933 3574 etiam
957 3509 1044 3574 2883
1055 3498 1205 3588 Εὐδαμίοι
1220 3501 1395 3583 Πασίωνος

224 3612 427 3708 Ἐρχομενίου
454 3617 602 3712 θυγάτηρ
630 3626 780 3712 itemque
803 3626 901 3709 2770,
931 3625 1027 3710 2813,
1054 3627 1151 3710 2941,
1177 3626 1273 3710 2950,
1298 3626 1394 3710 3146,

226 3739 323 3825 3152,
349 3741 447 3826 3163,
472 3743 569 3828 3189,
594 3743 692 3827 3355,
717 3743 814 3825 3363,
839 3741 940 3824 3372;
971 3741 1032 3808 sub
1061 3741 1321 3829 imperatoribus
1344 3764 1394 3808 ra·

225 3855 358 3921 rissime
382 3857 528 3944 quidem,
564 3867 604 3925 ut
626 3859 689 3943 ΙΠ,
725 3857 822 3942 2273,
858 3858 955 3941 2282,
992 3859 1089 3944 2426,
1125 3859 1223 3943 2913,
1264 3881 1396 3946 semper
1523 3921 1524 3956 η

228 3993 304 4038 cum
318 3996 350 4039 v.
364 3963 512 4058 θυγάτηρ
524 3980 659 4061 praeter
670 3974 734 4060 ΙΠ,
748 3973 835 4038 2372
851 3961 971 4035 Εἰῗνοια
989 3968 1167 4052 Τιμοξένου
1182 3963 1394 4056 Ἀπαμ[ε’]ος.

226 4089 304 4156 Una
350 4111 426 4154 oum
463 4114 496 4158 v.
537 4081 686 4177 θυγάτηρ
733 4090 949 4177 gentilicium
993 4090 1161 4158 adieetive
1207 4096 1318 4157 exstet
1351 4091 1395 4177 H,

335 4318 360 4384 1)
381 4318 439 4375 Ofr.
464 4338 499 4376 ex
522 4337 596 4376 saec.
615 4321 650 4378 V.
670 4321 743 4378 GIA.
757 4321 807 4393 IV,
826 4323 851 4393 2,
870 4318 954 4376 4912ss
971 4313 1187 4392 Διονυσοδώρου
1200 4311 1395 4386 Ἀπολλωνίδης

230 4412 438 4481 Χερρονησίτης.
