3072 4986
702 364 756 392 ..’
792 349 832 413 12
879 384 921 394 .-

229 519 353 586 formas
373 529 581 608 receperunt,
608 524 667 592 cfr.
689 526 807 592 LeBas
825 526 869 610 Π,
888 527 954 592 718
976 557 1014 578 =
1033 527 1125 613 Keil,
1150 529 1225 615 syll.
1250 530 1308 612 39;
1337 529 1400 612 623

227 634 303 702 Ata.
329 636 417 704 Mitt.
441 639 504 724 111,
530 641 593 706 351
619 663 690 728 sqq.
715 665 747 708 n.
774 644 827 708 33.
845 644 898 709 55.
916 644 969 709 56.
988 680 1029 690 -
1047 644 1239 731 Singularis
1263 650 1315 710 est
1338 667 1401 730 ge-

226 755 363 822 netivus
390 756 539 824 nominis
562 757 710 824 Haliarti
739 759 777 824 in
805 760 1003 847 epithaphio
1032 761 1173 827 metrico
1200 761 1291 828 Lari.
1319 763 1401 829 142:

333 901 465 970 Καλλία
487 901 697 992 Atylauoao·
722 903 760 972 τῦ
784 893 851 973 ὄέὖ
874 895 1252 997 πρᾶσ[σ’ὦΙπαροδιῦτα.

706 1189 919 1198 ——--—-—

781 1450 837 1526 ΙΙ.

323 1598 386 1681 Ι)0
414 1599 562 1682 titulis
591 1599 918 1702 sepulcralibus
948 1601 1116 1684 saeculi
1146 1601 1292 1704 quinti

599 1753 691 1820 (post
709 1753 799 1807 bella
820 1751 1023 1819 Persarum).

335 1887 501 1965 Quoniam
525 1888 691 1955 deforma
714 1895 817 1975 atque
832 1888 946 1957 indole
967 1889 1144 1955 titulorum
1161 1889 1401 1977 sepulcralium

226 2003 538 2090 antiquissimorum
562 2006 599 2070 in
622 2005 733 2093 priore
758 2005 868 2094 capite
899 2005 1126 2091 disseruimus,
1162 2012 1401 2072 convertamus

226 2143 287 2185 nos
322 2121 365 2186 ad
401 2121 574 2209 epitaphia
597 2103 808 2208 insequentis
833 2123 965 2207 aetatis,
1004 2122 1130 2188 saeculi
1153 2123 1276 2209 quinti,
1312 2145 1401 2208 quae

230 2236 449 2322 quamobrem
473 2239 634 2324 peculiari
651 2238 935 2325 contemplatione
952 2239 1058 2325 digna
1080 2235 1159 2324 sint,
1184 2262 1226 2304 ex
1247 2239 1291 2304 iis
1314 2261 1401 2325 quae

226 2352 316 2418 infra
340 2377 545 2441 exponemus
569 2355 754 2442 apparebit.

334 2515 536 2581 Gravissimi
553 2515 703 2581 omnium
725 2515 878 2601 lapidum
894 2517 1142 2604 sepulcralium,
1168 2521 1334 2602 quotquot
1357 2539 1400 2581 ex

228 2631 347 2717 quinto
382 2655 410 2696 a.
436 2633 514 2698 Chr.
538 2657 570 2698 n.
597 2633 730 2698 saeculo
754 2633 790 2697 in
815 2633 958 2698 Graecia
981 2639 1128 2718 exstant,
1165 2633 1191 2698 ii
1214 2638 1303 2717 sunt,
1339 2632 1400 2718 qui

229 2747 271 2814 ad
294 2748 491 2814 memoriam
514 2749 665 2814 virorum
692 2749 729 2814 in
753 2748 879 2814 crebris
896 2749 1132 2836 atrocibusque
1156 2749 1283 2836 pugnis
1307 2748 1398 2814 illius

226 2865 387 2951 temporis
422 2865 608 2932 occisorum
643 2866 806 2962 exstructi
841 2872 934 2931 sunt:
972 2888 1014 2930 ex
1041 2866 1105 2931 hoc
1133 2889 1256 2952 genere
1279 2888 1398 2932 monu-

226 2987 418 3047 mentorum
450 3005 550 3068 quam
585 2982 730 3047 maxime
765 2982 947 3048 manifesto
983 3004 1184 3068 cognoscere
1207 3004 1397 3070 possumus,

227 3121 311 3185 quae
335 3099 481 3184 vestigia
514 3099 574 3164 illa
602 3099 689 3164 bella
712 3099 875 3184 ingentia,
901 3099 1022 3185 quibus
1047 3099 1216 3165 saeculum
1241 3099 1399 3185 quintum

226 3214 428 3300 abundabat,
460 3215 497 3280 in
520 3215 653 3303 privata
675 3215 853 3282 bominum
876 3216 949 3282 vita
972 3216 1184 3302 reliquerint.
1231 3217 1309 3282 Non
1332 3237 1399 3301 quo

227 3355 268 3397 ex
290 3332 353 3398 hoc
377 3332 486 3418 spatio
510 3355 529 3396 a
552 3332 650 3397 bellis
675 3333 854 3398 Persarum
880 3333 1042 3419 permulti
1065 3332 1159 3398 tituli
1195 3332 1398 3420 sepulcrales

227 3448 326 3514 nobis
348 3449 461 3514 relicti
483 3448 553 3514 sint
579 3484 620 3494 -
642 3448 745 3514 immo
770 3473 846 3514 oum
871 3449 899 3514 si
923 3448 1114 3534 antiquiora
1137 3455 1297 3535 tempora,
1326 3471 1397 3513 sae-

227 3567 339 3632 culum
363 3565 546 3653 septimum
569 3588 675 3652 usque
699 3566 742 3631 ad
765 3566 904 3631 initium
928 3565 1050 3651 quinti,
1074 3572 1147 3630 tum
1171 3565 1200 3630 si
1217 3565 1397 3652 insequen-

227 3683 323 3768 tium,
348 3706 367 3748 a
390 3683 522 3748 saeculo
539 3691 667 3769 quarto,
684 3683 814 3764 copiam
831 3681 1046 3766 conferimus,
1071 3689 1187 3748 contra
1204 3681 1398 3769 opinionem

227 3799 327 3887 pauci
360 3799 488 3886 reperti
512 3806 593 3865 sunt
616 3834 668 3884 -,
694 3799 753 3864 sed
777 3804 871 3863 extat
894 3821 1054 3864 numerus
1089 3821 1158 3864 non
1181 3798 1231 3864 ita
1253 3821 1398 3884 magnus

228 3917 469 4001 catalogorum,
506 3917 564 4001 qui
598 3922 773 3999 vocantur,
810 3914 931 4000 quibus
965 3915 1160 4002 permulti
1195 3915 1286 3980 cives
1321 3937 1399 3980 una

228 4039 478 4118 enumerantur,
511 4033 630 4119 quiin
654 4032 800 4118 singulis
824 4032 960 4118 proeliis
984 4031 1040 4098 vel
1064 4031 1167 4097 etiam
1190 4031 1271 4098 totis
1295 4031 1398 4097 bello·

227 4151 401 4215 rumannis
431 4149 637 4215 ceciderunt.
683 4151 737 4214 Ex
770 4149 824 4214 his
849 4172 905 4215 eos
924 4149 1140 4236 potissimum
1163 4169 1396 4232 commemoro,

229 4266 287 4353 qui
319 4267 356 4331 in
379 4265 496 4332 Attica
530 4266 665 4333 inventi
689 4272 769 4332 sunt
793 4301 834 4310 —
858 4266 978 4332 horum
1014 4288 1073 4330 sex
1097 4271 1131 4330 et
1154 4265 1298 4352 triginta
1320 4263 1397 4350 plus

231 4383 387 4450 minusve
410 4384 585 4450 mutilatos
601 4383 788 4451 Kirchhoff
806 4383 843 4452 in
867 4381 955 4450 OIA.
981 4381 1185 4468 collegit-‚
1203 4382 1240 4448 in
1263 4381 1398 4468 magnis
