3072 4986
648 295 845 395 ..7¹-

163 510 255 576 haud
279 511 349 576 scio
384 533 428 576 an
443 479 578 576 'morem
603 510 705 576 istum
730 532 799 576 non
823 511 931 576 solum
955 509 1148 577 Atticorum
1177 508 1236 574 sed
1258 508 1334 574 uni·

163 649 338 694 versorum
355 627 560 694 Graecorum
576 626 682 692 fuisse
706 649 907 712 cognoscere
928 628 1106 714 possimus,
1132 647 1335 713 quamquam

164 767 206 810 ex
228 743 349 830 priscis
367 744 435 810 illis
451 727 883 830 temporibus-testimonia,
908 767 994 830 quae
1013 750 1159 828 exstant,
1182 743 1335 810 nondum

153 859 393 947 suppeditant,
429 867 468 926 ut
492 861 575 926 certi
611 860 797 947 quidquam
832 860 873 926 de
898 883 937 927 ea
967 861 1213 927 consuetudine
1236 883 1335 927 excu-

164 983 237 1042 tere
260 977 357 1042 nobis
380 977 492 1043 liceat.

270 1094 324 1158 Ex
347 1093 502 1160 omnibus
526 1094 636 1160 titulis
660 1093 787 1160 Atticis
815 1094 852 1159 in
875 1116 942 1160 uno
964 1093 1077 1175 (Kaib.
1101 1117 1135 1160 n.
1162 1092 1227 1176 11.)
1250 1094 1337 1180 lapis

164 1209 238 1296 ipse
266 1209 512 1296 quodammodo
539 1211 681 1296 loquens
705 1210 887 1294 inducitur,
925 1207 1047 1290 λοιμῶι
1074 1201 1241 1296 θανούσης
1268 1203 1337 1289 εἰμὶ

165 1326 254 1411 σῆμα
279 1319 438 1412 Μυρίνης,
474 1349 576 1412 quam
608 1326 750 1392 formam
787 1327 874 1392 sicut
907 1327 1114 1413 superiorem
1141 1327 1236 1393 illam
1259 1325 1338 1403 „uod

165 1439 271 1517 δεῖνος
293 1435 369 1504 τόδε
392 1443 501 1529 σῆμα“
528 1441 574 1526 (v.
600 1465 701 1529 supra
723 1465 756 1529 p.
781 1444 814 1521 3)
842 1443 952 1530 ipsam
980 1466 1112 1530 quoque
1146 1443 1215 1509 iam
1249 1443 1338 1509 anti-

165 1559 338 1646 quissimis
361 1559 570 1646 temporibus
593 1560 829 1646 pervulgatam
846 1560 1088 1645 cognoscimus.
1126 1561 1215 1626 Nam
1238 1581 1339 1647 saepe

166 1675 269 1740 etiam
286 1675 499 1742 substantivo
516 1667 747 1761 (oqpc,ocq'tq
772 1676 849 1756 cet.)
870 1677 995 1742 omisso
1019 1711 1063 1722 —
1091 1699 1202 1762 neque
1231 1676 1339 1742 solum

165 1792 202 1858 in
235 1792 346 1858 titulis
381 1791 532 1859 metricis
583 1829 598 1836 -·
643 1799 778 1880 praeter
802 1793 985 1878 Corcyram
1020 1792 1092 1873 (cfr.
1122 1814 1223 1879 supra
1246 1816 1278 1879 p.
1303 1789 1339 1875 2)

165 1906 283 1974 eadem
317 1907 426 1974 forma
459 1905 658 1996 Aeginam),
693 1909 731 1975 in
764 1903 949 1993 Boeotia2),
986 1909 1023 1974 in
1063 1909 1238 1974 Thessalia
1277 1906 1340 1991 (ibi

165 2025 319 2112 exempla
341 2026 441 2112 paulo
465 2026 662 2092 recentioris
686 2025 808 2092 aetatis
832 2031 922 2110 sunt,
946 2031 984 2090 ut
1007 2024 1143 2089 Hermos
1158 2025 1243 2109 XX,
1261 2025 1337 2090 157:
1415 2035 1418 2041 '

164 2129 261 2219 μνᾶμ’
289 2132 368 2220 llam
385 2133 585 2226 Πυρ(ρ)ια’ὄα
609 2148 683 2226 oet,
709 2143 834 2208 saeculi
849 2143 891 2225 V,
913 2139 989 2206 Ath.
1009 2140 1096 2206 Mill.
1114 2141 1191 2226 VII,
1207 2141 1249 2207 76
1266 2163 1338 2227 sqq.

165 2251 371 2332 Πολυξεναία
395 2250 475 2337 ἔμμι
499 2281 543 2324 so.
568 2249 700 2337 ccdlcl)
724 2258 783 2324 cfr.
797 2257 879 2323 ibid.
897 2281 929 2345 p.
951 2258 1025 2341 223,
1041 2255 1082 2341 1),
1105 2257 1142 2322 in
1158 2253 1338 2341 Aeolide4),

167 2369 296 2458 Sami⁵),
333 2369 513 2461 Amorgil),
550 2369 717 2460 Therae7),
755 2369 893 2460 Sigen),
934 2375 990 2440 vel
1030 2373 1132 2440 etiam
1161 2367 1338 2460 .Oymae⁹),

166 2496 201 2554 et
224 2487 443 2575 Naucratim),
479 2491 633 2558 adhibite
668 2498 729 2558 est.
775 2489 891 2577 Atque
926 2490 1061 2556 etiamsi
1094 2490 1194 2556 huius
1218 2489 1340 2556 aetatis

167 2607 364 2673 testimonia
397 2608 562 2695 lapidaria
595 2631 665 2674 non
699 2609 749 2674 ita
782 2609 890 2674 multa
924 2613 1072 2686 exstent,
1112 2607 1203 2673 hunc
1240 2627 1340 2672 usum

166 2724 268 2789 latins
303 2725 406 2790 etiam
440 2731 665 2812 propagatum
704 2723 809 2790 fuisse
843 2724 924 2789 inde
959 2723 1118 2810 colligere
1151 2745 1337 2811 possumne,

167 2841 257 2928 quod
292 2841 396 2907 Lesbi
431 2864 573 2929 quoque,
610 2864 694 2928 quae
729 2842 841 2906 insula
875 2841 1025 2927 antiquis
1053 2840 1164 2906 titulis
1199 2839 1338 2906 omnino

167 2963 268 3042 caret,
291 2957 423 3024 Erinna
447 2981 524 3024 cum
547 2958 691 3024 Baucidi
715 2958 842 3026 Teniae
865 2957 994 3025 amicae
1018 2956 1228 3043 epitaphium
1256 2955 1338 3020 scri-

165 3073 269 3159 beret,
295 3075 413 3140 eodem
436 3074 536 3140 modo
558 3075 707 3162 lapidem
727 3074 898 3141 dicentem
921 3073 1004 3139 fecit
1026 3073 1145 3146 (Anth.
1162 3072 1234 3138 Pal.
1259 3072 1337 3153 VH,

168 3191 259 3270 uin:
290 3181 432 3275 Νύμφας
456 3184 620 3266 Βαυκίὸος
643 3183 723 3271 ἔμμι
747 3228 789 3237 -
814 3191 939 3276 quain
962 3213 999 3255 re
1025 3188 1124 3254 nihil*
1142 3187 1197 3254 hic
1224 3194 1341 3254 nostra

166 3305 318 3390 interest,
354 3313 468 3373 utrum
503 3308 712 3394 epigramma
745 3330 826 3372 vere
850 3309 886 3373 in
910 3306 1023 3394 lapide
1051 3305 1201 3394 positum
1235 3303 1340 3370 fuerit

275 3566 303 3637 1)
321 3567 399 3622 IGA.
418 3567 478 3622 358.
509 3596 539 3606 -
567 3567 594 3635 2)
613 3565 739 3635 Larfeld,
763 3567 828 3637 syll.
847 3567 890 3620 61.
909 3566 970 3620 359.
990 3565 1050 3620 369.
1079 3564 1139 3618 370.
1177 3561 1263 3616 Kaib.
1286 3562 1339 3616 486

165 3657 267 3730 μνᾶμα
288 3699 293 3711 .
313 3697 346 3712 ..
374 3652 405 3727 μ’
424 3649 439 3709 d
459 3649 547 3728 πατὴρ
567 3659 690 3723 ἐπέθηκε.
721 3687 752 3695 -
785 3654 812 3726 3)
833 3655 917 3723 Quod
939 3673 966 3709 v.
991 3648 1077 3706 ordia
1104 3652 1152 3708 hic
1180 3653 1340 3724 suppletur,

166 3745 273 3804 similia
303 3746 405 3802 insunt
433 3746 464 3801 in
498 3745 592 3801 titulis
618 3746 703 3802 Kaib.
734 3747 793 3816 181,
823 3746 904 3814 lule,
933 3744 1102 3814 01A.1,467
1139 3741 1338 3813 imprimisque

166 3838 252 3894 Kaib.
271 3839 332 3908 206,
362 3836 411 3892 ubi
438 3836 509 3891 item
536 3837 610 3891 stela
636 3835 777 3907 loquitur;
805 3841 891 3890 notus
919 3833 1008 3889 etiam
1035 3830 1288 3903 frequentissimus
1307 3829 1338 3884 in

167 3927 318 3984 Thessalia
345 3945 415 3984 usus
443 3924 651 3982 adiectivorum
674 3925 948 3997 patronymicorum,
976 3929 1010 3978 ut
1027 3921 1113 3977 Kaib.
1132 3921 1185 3976 505
1204 3914 1334 3974 Hostile

168 4022 330 4072 Πουταλαία
343 4011 421 4088 κόρα,
440 4022 567 4088 Τιτυρεία
581 4009 666 4086 yuvd5
685 4016 737 4071 cfr.
755 4015 873 4071 Meister
888 4015 986 4086 priecb.
1002 4016 1080 4070 Dial.
1096 4031 1122 4084 p.
1138 4012 1189 4065 196
1202 4028 1262 4084 sqq.
1275 4010 1336 4064 309.

169 4137 200 4146 -
229 4109 258 4176 4)
281 4107 360 4163 IGA.
383 4109 444 4163 503.
480 4137 511 4147 —
544 4108 573 4173 5)
596 4106 673 4162 Ion.
700 4107 761 4161 387.
792 4135 821 4145 -
852 4104 880 4174 6)
903 4101 1063 4159 Kirchhoff
1085 4099 1178 4160 Stud.4
1195 4120 1222 4174 p.
1242 4101 1284 4155 33.
1306 4130 1337 4140 -

167 4197 196 4267 7)
214 4197 292 4254 Ion.
310 4199 372 4254 446.
391 4199 452 4255 449.
482 4228 514 4238 -
547 4198 576 4265 8)
595 4196 673 4252 IGA.
691 4196 744 4250 492
772 4195 824 4252 cfr.
848 4194 971 4250 Kirchh.
1002 4191 1094 4250 stads
1115 4211 1143 4264 p.
1167 4190 1281 4245 22-25.
1302 4220 1337 4228 —-

167 4290 194 4358 9)
213 4287 290 4343 IGA.
315 4291 368 4344 528
391 4282 590 4361 Δημοχάριὸος
614 4290 673 4358 εἰμὶ
692 4283 742 4338 τοῦ
759 4326 765 4340 .
784 4327 790 4340 .
811 4315 841 4324 -
870 4285 913 4354 10)
934 4285 1088 4341 Naucratis
1106 4283 1143 4356 pl.
1162 4283 1237 4352 30,l
1261 4274 1340 4334 Tadu)

168 4381 251 4452 ε(ἰ)μὶ
269 4378 353 4451 σῆμα.
