3072 4986
602 329 822 396 ..45-

100 494 194 570 εἶόον
218 509 286 574 vel
313 500 445 571 παίδων
467 506 595 584 παῖδας
618 503 782 571 ἐπιδοῦσα
805 504 898 592 cet.¹)
932 507 1156 576 Multifariam
1183 510 1220 576 in
1243 509 1297 576 his

100 625 223 691 titulis
252 631 518 692 commemorata
542 633 594 690 est
617 647 716 690 eausa
739 626 868 710 mortis,
897 626 969 692 sive
991 626 1098 692 hostis
1122 627 1297 692 cuiusdam

101 741 178 808 ictu
217 741 330 808 homo
363 764 542 830 percussus
573 741 645 807 sive
679 742 789 808 morbi
813 742 943 828 impetu
965 741 1112 808 afflictus
1136 748 1196 828 est,
1225 742 1297 809 sive

102 858 226 923 minus
269 880 430 944 expresse
452 859 578 924 Parcae
602 857 758 941 (Μοῖραι)
786 857 881 924 filum
909 858 958 924 ita
980 859 1115 924 novisse
1139 860 1298 926 dicuntur

106 965 310 1036 ἕκλώσαντο
332 967 443 1053 μένοις
469 975 526 1040 vel
550 973 690 1058 Μοιρῶν
717 963 802 1035 τοῦτ>
830 967 997 1036 ἐπέκλασε
1019 969 1156 1058 placed)

220 1089 378 1156 Accedit
400 1091 597 1176 frequenter
619 1091 692 1155 laus
714 1089 892 1173 virtutum,
923 1090 1045 1175 quibus
1069 1097 1221 1156 mortuus
1245 1091 1297 1158 in-

109 1206 223 1291 signis
243 1214 312 1292 est,
336 1206 559 1290 fortitudinia,
584 1201 754 1272 sollertiae
778 1212 812 1270 et
835 1207 979 1293 peritiae
1002 1206 1039 1271 in
1055 1207 1198 1272 artificio
1215 1229 1297 1293 quo-

108 1317 232 1408 damss),
277 1324 366 1409 quod
397 1324 540 1410 quisque
568 1322 738 1410 professus
766 1331 828 1406 est,
865 1344 966 1408 saepe
1001 1323 1138 1389 omnino
1171 1324 1298 1390 dicitur

107 1439 319 1525 sepulcrum
341 1441 490 1527 positum
514 1462 587 1504 esse
611 1438 670 1523 σῆς
693 1427 809 1522 ἀρετῆς
832 1434 949 1523 alveto,
974 1431 1065 1500 ἕνεκα
1089 1431 1298 1552 δικαιοσύνης

109 1543 169 1640 ἠδὲ
195 1547 435 1641 σαοφροσύνης
458 1556 514 1622 vel
537 1547 771 1640 φιλημοσύνης.

224 1675 414 1739 Praeterea
438 1672 636 1759 superstites
659 1670 856 1737 memoriam
890 1670 1015 1736 mortui
1051 1677 1223 1738 aeternam
1245 1696 1296 1739 re·

109 1810 319 1855 mansuram
344 1811 416 1854 esse
440 1788 610 1873 dictitant,
635 1788 735 1852 multi
758 1772 964 1853 desiderium
999 1788 1100 1854 amici
1126 1789 1183 1855 vel
1218 1812 1296 1856 con-

113 1905 309 1991 sanguinei
338 1905 407 1970 cari
430 1905 626 1991 exprimunt
660 1903 773 1969 verbis
807 1895 931 1980 πόθος,
966 1904 1100 1981 ποθεῖν,
1136 1897 1298 1981 ποθεινός

113 2021 327 2108 saepissime
361 2021 546 2109 usurpatis3
582 2020 642 2085 alii
678 2025 873 2105 queruntur,
909 2026 1073 2106 quantum
1111 2043 1297 2089 maerorem

114 2147 232 2204 morte
261 2159 322 2202 sua
352 2136 575 2202 familiaribus
609 2136 766 2202 omnibus
801 2135 976 2222 reliquerit
1010 2130 1162 2219 (πένθος,
1197 2138 1296 2225 πῆμα

114 2246 235 2314 λιπών
263 2244 384 2314 ἐνθάδε
407 2252 536 2331 κεῖσαι).
566 2253 664 2318 Tales
688 2237 879 2318 sententiae
901 2259 1019 2338 postea
1042 2277 1296 2342 nonnumquam

115 2368 154 2435 in
178 2369 348 2457 lugubres
371 2369 447 2434 illas
470 2369 729 2435 lamentationes
760 2369 882 2436 effusas
907 2376 941 2436 et
975 2369 1132 2437 laudibus
1155 2371 1296 2439 refertas

117 2484 293 2571 abierunt,
317 2492 357 2552 ut
371 2485 473 2552 Kaib.
492 2486 555 2551 152
573 2509 621 2571 sq.
645 2485 879 2572 imprimisque
898 2488 971 2554 169.
995 2488 1160 2554 Nonnulli
1175 2484 1297 2568 tituli4)

119 2602 333 2669 sententiam
358 2625 378 2667 a
400 2602 612 2690 philosophis
636 2608 671 2667 et
692 2597 833 2688 poetisf’)
857 2602 1090 2692 depromptam
1125 2605 1295 2687 exhibent,

118 2719 250 2804 quibus
275 2719 411 2802 dicitur,
436 2740 557 2805 corpus
580 2718 688 2784 solum
711 2718 749 2782 in
783 2723 874 2784 terra
908 2741 1087 2786 remanens
1122 2723 1298 2808 pulverem

116 2833 206 2922 fieri,
233 2835 382 2901 animam
400 2841 513 2902 autem
530 2835 572 2900 ad
588 2833 725 2900 aethera
739 2835 912 2920 evolitare,
937 2836 1026 2922 quod
1047 2836 1174 2904 dictum
1194 2839 1302 2922 etiam·

118 2950 156 3016 in
187 2951 437 3040 epigrammate
473 2951 655 3018 christiano
690 2950 791 3016 Kaib.
819 2952 881 3017 175
915 2974 1030 3018 rursus
1064 2951 1298 3038 invenimusl)

118 3066 269 3134 infimae
303 3070 426 3135 aetatis
454 3074 535 3134 sunt
568 3067 662 3134 tituli
690 3067 792 3134 Kaib.
819 3069 882 3133 119
907 3073 941 3132 et
966 3069 1031 3134 166
1056 3100 1094 3121 --
1121 3071 1209 3139 cii.
1233 3073 1297 3157 HI,

16 3197 18 3204 ’
122 3185 215 3251 1360
239 3207 299 3271 sq,
333 3185 516 3272 inquibus
551 3207 593 3250 ex
628 3206 720 3249 more
754 3183 907 3251 Asiatico
947 3187 1138 3272 sepulcrum
1176 3189 1298 3256 violari

121 3301 273 3367 vetitum
308 3309 342 3366 et
369 3301 528 3367 adversus
556 3322 643 3384 eum,
677 3300 736 3385 qui
763 3302 1034 3387 contrafecerit,
1068 3305 1298 3372 exsecratione

11 3497 13 3518 ἡ
123 3424 263 3482 cautum
287 3423 348 3482 est.
405 3417 561 3503 Itemque
601 3416 696 3481 tituli
729 3417 792 3502 iii,
821 3418 905 3484 1417
938 3442 1010 3507 sqq.
1034 3442 1114 3486 usus
1139 3427 1298 3490 externos

124 3532 235 3599 secuti
259 3537 348 3599 sunt.

236 3744 262 3816 1)
280 3745 366 3800 Kaib.
384 3745 429 3800 44.
448 3745 490 3800 67.
511 3747 571 3800 120.
609 3744 684 3802 CIA.
703 3745 742 3814 ii,
761 3746 938 3803 36823903.

235 3835 264 3905 2)
283 3852 306 3890 e.
326 3854 354 3906 g.
373 3833 459 3893 Kaib.
488 3835 547 3890 127.
575 3836 718 3906 144.153;
747 3835 798 3890 cfr.
828 3837 879 3891 126

395 3917 503 3996 γήραι
522 3923 667 3976 θανοῦσαν
685 3919 773 3995 τάφος
791 3925 847 3995 ἔχει
867 3927 1023 3991 Φιλοξένην.

233 4013 261 4082 a)
280 4012 339 4070 cfr.
359 4013 500 4086 imprimis
518 4012 604 4069 Kaio.
622 4016 665 4068 42.
686 4016 835 4070 roi-110.

233 4103 261 4175 4)
280 4102 366 4159 Kaib.
385 4104 429 4158 35.
448 4105 491 4159 89.
510 4104 553 4160 90.
575 4103 634 4158 104.
656 4104 715 4158 156.
735 4106 795 4159 159.

234 4194 260 4262 5)
280 4193 339 4249 cfr.
358 4193 458 4266 Eurip.
477 4192 574 4265 Suppl.
593 4193 647 4248 533
665 4210 707 4264 sq.

234 4282 261 4350 6)
280 4283 324 4337 De
342 4281 398 4336 hac
415 4300 447 4338 re
466 4281 583 4338 uberius
602 4281 739 4338 disseruit
756 4283 850 4340 Lehrs
870 4286 1027 4358 „Populo'i're
1045 4285 1195 4357 defeated
1214 4287 1297 4357 (iiber

129 4366 175 4424 die
192 4371 418 4442 Vorstellungen
437 4372 488 4427 der
506 4371 649 4429 Griechen
667 4390 735 4428 vom
752 4373 907 4432 Fortleben
927 4375 1001 4432 nach
1020 4375 1047 4432 d.
1067 4376 1165 4445 Tode).
