3072 4986
723 331 941 395 ,26-

354 505 387 586 f)
410 507 499 574 OIA.
522 509 568 592 Π,
593 509 681 573 2393
704 503 840 582 Ξεννέας
863 503 899 582 ἐξ
922 500 1015 572 Οἴου.

355 624 393 690 Si
416 631 550 711 practer
576 647 702 690 nomen
728 625 834 709 patris
869 624 974 690 ctiam
1007 624 1096 708 cius,
1137 625 1196 711 qui
1228 623 1420 710 adoptavit,

249 740 398 824 affertur,
423 740 507 807 hacc
529 741 638 806 torma
661 747 786 806 exstat:

354 857 390 942 g)
414 857 503 922 CIA.
527 858 573 941 Π,
606 858 693 922 2179
723 849 917 942 Ξενοκρίτης
942 847 1195 942 Ἀσνληπιιίὸου
1222 851 1418 941 Κηριοιείς,

249 963 347 1053 γόνωι
386 967 422 1033 δὲ
453 962 661 1056 Ἡρακῶντος
685 962 921 1055 Ῥαμνουσίοις
961 974 1120 1038 similiter
1155 975 1244 1038 2458
1281 969 1420 1045 Φιλῖνος

249 1080 440 1174 Διοφάντου
463 1081 648 1172 Πειραιεύς,
677 1081 777 1171 γόνωι
812 1084 848 1150 δὲ
868 1079 1110 1174 Ἀριοτομένου,
1134 1089 1195 1155 cfr.
1218 1091 1282 1173 ΙΠ,
1319 1089 1417 1153 1459.

251 1204 347 1270 1645.
375 1207 470 1270 1706.
495 1207 593 1271 2083.

355 1322 430 1387 Hae
454 1322 581 1388 formas
603 1322 781 1388 nominum
796 1345 817 1387 a
831 1321 957 1388 finibus
973 1322 1085 1407 quinti
1108 1328 1144 1386 61
1160 1322 1273 1408 quarti
1293 1321 1420 1386 sacculi

251 1459 312 1524 por
333 1439 447 1506 omnia
469 1445 622 1526 tempora
644 1440 681 1503 in
700 1437 818 1504 Attica
840 1440 998 1523 vulgaros
1021 1444 1234 1521 manscmnt3
1257 1437 1419 1525 perpauci

249 1560 384 1620 tantum
417 1556 511 1622 tituli
533 1556 707 1622 Romanae
730 1555 862 1640 aetatis,
890 1555 976 1620 nulli
998 1554 1069 1620 fere
1093 1556 1252 1638 Graecae,
1287 1555 1329 1620 ab
1363 1553 1418 1618 his

250 1669 459 1758 discrepant:

355 1786 391 1868 h)
416 1786 505 1853 OIA.
529 1787 575 1872 II,
595 1788 680 1853 1916
703 1781 837 1873 Δημέας
864 1777 1057 1861 Γλαύκωνος
1078 1777 1302 1870 Ἀχαρνέως,
1330 1787 1418 1852 2259

249 1893 443 1988 Πολίφιλος
474 1894 584 1964 Φάνου
607 1897 834 1987 Κρωπίὸου,
863 1904 927 1988 ΙΠ,
954 1903 1039 1968 1632
1073 1897 1224 1986 Τιβέριος
1252 1894 1419 1976 Κλαύδιος

253 2010 416 2104 Θεόφιλος
448 2012 601 2103 Τιβερίου
635 2013 803 2081 Κλαυδίου
841 2013 1100 2098 Θεμιστοκλέους
1135 2013 1316 2104 Βηοοιέως,
1353 2019 1417 2103 ΠΙ,
1524 2065 1525 2068 =

252 2136 337 2201 1739
361 2127 515 2220 Στράτιον
534 2125 742 2220 Ἀνδρονίκου
770 2135 829 2198 τοῦ
853 2129 1000 2196 Καλλίου
1024 2129 1243 2220 ΚηφισιέιοςῙ)
1278 2134 1330 2219 (in
1353 2135 1416 2200 hoc

248 2251 350 2317 titulo
373 2252 416 2318 ad
439 2253 546 2338 patris
570 2253 672 2317 ctiam
696 2253 752 2318 avi
774 2275 900 2317 nomen
923 2252 1075 2329 accedit).

355 2369 397 2433 In
420 2369 473 2434 his
497 2368 605 2455 cippis
628 2369 658 2434 si
681 2368 887 2433 demotioum
915 2369 952 2432 in
975 2369 1137 2454 genetivo
1167 2391 1247 2434 casu
1268 2368 1419 2454 positum

250 2484 292 2550 ad
308 2506 433 2550 nomen
455 2487 563 2572 patris
585 2484 741 2569 refertur,
764 2484 828 2549 hac
844 2485 982 2550 insolita
995 2483 1104 2549 forma
1118 2506 1189 2548 non
1204 2485 1296 2550 idom
1312 2485 1418 2568 signi·

249 2601 343 2667 ficari
367 2608 460 2688 puto,
498 2601 696 2688 quodannis,
734 2623 816 2686 quas
845 2623 947 2688 supra
971 2601 1153 2687 composui,
1182 2601 1242 2666 sod
1265 2601 1418 2666 consulto
1524 2633 1525 2636 ¹

249 2716 327 2802 dici,
362 2717 472 2782 filium
494 2739 564 2783 non
598 2716 751 2783 ciusdem
773 2717 882 2782 tribus
917 2739 990 2782 csse
1013 2739 1052 2782 ao
1074 2723 1220 2803 patrem:
1250 2717 1345 2782 cuius
1368 2717 1418 2781 161

250 2833 333 2899 duas
349 2856 464 2899 causas
479 2834 628 2900 invenio.
667 2834 755 2898 Nam
771 2833 877 2919 siquis
893 2826 935 2898 ab
951 2833 1088 2898 homino
1103 2834 1140 2898 in
1163 2834 1230 2899 alia
1252 2833 1345 2898 tribu
1367 2833 1418 2898 in·

249 2950 375 3037 scripto
399 2949 588 3036 adoptatur,
613 2972 691 3015 oum
713 2971 784 3016 non
806 2949 912 3034 patris
935 2949 1046 3015 nativi
1062 2948 1229 3016 demotico
1253 2948 1312 3015 ssd
1335 2949 1416 3033 61116,
1524 2945 1525 2954 ’

251 3067 310 3153 qui
326 3067 512 3153 adoptavit,
537 3066 599 3150 1111,
618 3088 719 3152 supra
735 3065 879 3131 formula
894 3064 932 3152 g)
956 3065 1178 3131 domonstrat:
1204 3066 1263 3130 scd
1287 3089 1327 3130 ox
1348 3087 1417 3130 om·
1524 3135 1525 3146 ¹

249 3183 350 3249 nibus
374 3182 540 3248 eiusmodi
564 3182 727 3268 exemplis
751 3205 912 3269 apparens
934 3183 1081 3266 videtur,
1109 3189 1241 3268 patrem
1263 3182 1418 3249 nativum
1524 3227 1525 3232 κ

249 3305 321 3365 tum
355 3299 553 3386 plerumque
586 3299 755 3385 postponi,
790 3321 893 3385 quaro
926 3299 1111 3364 verisimile
1145 3319 1214 3364 non
1249 3306 1310 3383 661,
1345 3298 1417 3363 cius

249 3437 375 3482 nomen
398 3416 436 3482 in
469 3415 582 3502 lapido
607 3421 914 3499 commemoratum,
948 3414 1055 3502 patris
1078 3414 1231 3501 adoptivi
1255 3414 1418 3480 omissum
1524 3499 1525 3502 Ἴ

250 3555 331 3598 6666.
377 3533 559 3597 Praeterea
581 3531 672 3597 filius
695 3532 800 3597 tribui
829 3531 935 3617 patris
958 3553 1027 3596 non
1050 3531 1198 3598 adscribi
1221 3530 1359 3615 solebat,
1388 3530 1418 3595 si

250 3671 292 3714 ox
315 3648 503 3715 concubina
525 3648 633 3735 patris
655 3648 711 3713 vol
734 3647 876 3713 muliare
899 3648 1079 3734 peregrina
1101 3653 1202 3713 natus
1226 3654 1308 3732 orat,
1337 3669 1418 3733 qua·

249 3786 324 3830 mm
347 3763 447 3830 libori
470 3756 568 3826 νόθοι
592 3765 633 3831 ab
649 3763 918 3831 Atheniensibus
942 3763 1165 3830 vocabantur:
1190 3787 1229 3830 ac
1252 3764 1336 3830 tales
1359 3763 1418 3828 ho·

248 3881 358 3946 minos
382 3881 419 3946 in
442 3880 505 3966 his,
531 3881 573 3946 (16
598 3881 720 3967 quibus
742 3880 885 3967 agimus,
909 3859 1020 3947 titulis
1043 3880 1213 3946 nominari
1235 3879 1321 3946 mihi
1344 3879 1418 3966 qui-

251 3997 328 4064 dom
351 3997 639 4064 verisimillimum
662 3992 752 4079 ost.²)

357 4191 383 4260 l)
404 4191 523 4248 Duobus
551 4190 596 4246 his
623 4191 694 4247 locis
723 4191 981 4263 aDittenborgcro
1008 4209 1068 4246 non
1095 4195 1173 4247 rocta
1191 4190 1360 4262 genetivum
1388 4190 1419 4246 in

250 4281 345 4356 lapids
364 4287 514 4338 exaratum
533 4281 563 4336 in
581 4282 794 4337 nominativum
814 4281 1020 4352 transcriptum
1039 4298 1101 4336 6666
1118 4279 1222 4335 iudico.

321 4397 323 4404 ·
356 4372 382 4445 2)
402 4373 443 4428 At
462 4391 528 4432 cum
551 4372 692 4432 eiusmodi
715 4371 901 4432 matrimonia
919 4373 966 4428 vol
985 4371 1193 4428 concubinatus
1211 4369 1336 4428 Athonis
1361 4369 1418 4428 frc-
