3072 4986
651 347 914 450 *3⁷5

281 520 413 606 Restat,
437 529 477 589 ut
501 524 544 590 ad
566 524 685 590 titulos
708 525 920 592 Milesiorum
954 527 1162 612 accedamus,
1203 550 1345 614 quorum

171 635 385 704 admirabilis
410 641 574 725 quaedam
597 642 780 708 multitudo
797 642 833 708 in
857 642 974 708 Attica
996 651 1131 731 reperta
1155 651 1216 710 est.
1257 646 1345 714 Nam
1410 637 1414 640 ’
1461 726 1469 743 „

170 753 267 818 inter
290 755 524 841 septingentos
549 757 798 844 quinquaginta
814 765 944 846 septem
957 760 1073 847 cippos
1085 762 1345 848 peregrinorum

169 869 213 935 in
242 870 330 936 OIA.
360 873 423 957 ΙΠ,
449 875 469 939 2
506 897 539 960 p.
567 875 742 941 rao-196
781 875 890 941 editos
926 876 1064 942 ducenti
1099 877 1346 965 quinquaginta

171 993 316 1073 septem,
341 988 366 1054 i.
390 1011 417 1055 e.
442 990 518 1076 plus
542 1013 643 1076 quam
666 993 769 1056 tertia
791 1015 879 1079 pars,
910 999 945 1058 et
967 999 1039 1059 toto
1074 993 1162 1060 OIA.
1198 994 1345 1059 trecenti

169 1103 412 1189 undetriginta
434 1107 644 1174 Milesiorum
667 1109 786 1174 insunt
810 1107 865 1192 (29
889 1109 926 1175 in
949 1111 993 1196 II,
1019 1111 1049 1195 3,
1074 1111 1140 1174 300
1162 1111 1200 1176 in
1214 1111 1277 1196 ΠΙ,
1300 1110 1344 1195 2),

173 1242 319 1306 quorum
344 1229 479 1288 centum
502 1223 646 1310 triginta
668 1247 756 1290 unus
779 1225 873 1309 viris,
904 1235 1040 1292 centum
1063 1227 1347 1312 duodeoctoginta

174 1335 326 1423 leminis,
351 1344 420 1404 tres
442 1340 515 1405 viro
532 1348 566 1405 et
581 1339 728 1405 feminae
743 1363 811 1406 una
826 1343 929 1428 positi
945 1349 1034 1427 sunt,
1059 1343 1096 1408 in
1116 1343 1347 1430 septendecim

171 1453 285 1519 titulis
308 1455 446 1521 nomina
469 1457 590 1522 mutila
625 1463 713 1522 sunt.
744 1458 968 1524 Kumanudes
1003 1459 1052 1540 (in
1074 1466 1189 1524 annot.
1217 1459 1346 1525 17161

173 1595 208 1637 n.
221 1569 323 1649 2030)
338 1572 486 1657 primum
501 1573 677 1660 plerosque
691 1597 732 1639 ex
745 1574 798 1638 his
816 1574 925 1662 cippis
947 1575 984 1640 in
998 1574 1133 1641 Atticae
1149 1576 1346 1662 regionibus

177 1687 218 1752 ab
236 1686 317 1753 urbe
343 1688 582 1754 remotioribus
607 1681 804 1774 (Πειραιεύς,
826 1679 981 1769 Ἐλευσίς,
1006 1683 1176 1770 Maritima,
1202 1691 1345 1766 Διοπεῖς

181 1799 256 1887 661.)
278 1805 438 1870 inventos
462 1827 534 1871 esse
558 1807 745 1892 annotavit,
771 1807 895 1873 deinde
918 1809 1020 1894 longe
1036 1808 1150 1896 plures
1166 1809 1346 1874 mulierum

177 1942 275 2006 quam
301 1921 452 1986 virorum
481 1923 595 2008 cippos
624 1929 764 2008 exstare,
800 1930 874 1989 tum
909 1948 950 1990 ex
972 1925 1213 2011 imperatorum
1237 1930 1347 1990 aetate

172 2038 351 2123 plerosque
375 2060 463 2103 esse:
487 2038 724 2124 undetriginta
753 2045 888 2105 tantum
913 2041 1017 2106 aetati
1051 2047 1130 2107 ante
1152 2041 1347 2127 Augustum

171 2153 324 2218 Koehler
356 2153 547 2240 adscripsit.
596 2155 725 2232 Quibus
741 2139 742 2142 Ἴ
761 2155 803 2221 de
828 2157 937 2222 causis
961 2156 1089 2222 factum
1124 2159 1178 2243 sit,
1216 2165 1256 2223 ut
1293 2165 1345 2223 tot

171 2269 330 2334 homines
353 2270 482 2335 Milesii
504 2271 541 2336 in
568 2269 686 2337 Attica
710 2273 936 2358 sepelirentur
960 2309 1002 2319 -
1025 2297 1105 2340 nam
1129 2275 1220 2360 quod
1244 2281 1345 2341 antea

173 2381 379 2469 dicebatur1)
396 2387 501 2453 1111666
518 2387 653 2454 demum
669 2388 833 2474 Atticum,
851 2389 909 2475 qui
926 2382 1092 2476 Μιλήσιοι
1108 2393 1344 2480 appellaretur,

172 2525 273 2568 nemo
296 2503 363 2568 iarn
388 2509 448 2588 est,
473 2504 532 2590 qui
547 2504 667 2591 probet
684 2541 727 2548 —
742 2511 878 2590 gratum
893 2505 929 2571 id
949 2507 1097 2593 quidem,
1121 2509 1180 2574 sed
1204 2508 1345 2575 difficile

174 2625 227 2684 est
250 2619 447 2706 disquirere.
494 2621 581 2686 Nam
606 2643 683 2686 cum
706 2621 744 2687 in
766 2620 849 2687 urbe
873 2623 992 2689 Milato
1022 2646 1063 2689 ex
1097 2624 1343 2691 recentioribus

172 2737 381 2822 temporibus
405 2737 601 2803 testimonia
628 2737 794 2823 lapidaria
829 2739 966 2806 omnino
1000 2763 1076 2806 rara
1104 2742 1173 2807 sint
1196 2775 1240 2788 -
1263 2741 1344 2808 duo·

175 2849 314 2934 deoim2)
350 2855 458 2920 solum
486 2853 603 2920 titulos
627 2855 830 2941 sepulcrales
857 2855 989 2940 inveni3
1025 2857 1203 2944 inscriptio
1229 2881 1345 2923 recen-

174 2970 319 3056 tissima,
354 2977 490 3057 praeter
520 2971 727 3056 singularem
759 2971 853 3036 illam
877 2971 967 3038 OIG.
991 2969 1088 3049 2895,
1124 2973 1160 3039 111
1183 2974 1345 3040 honorem

173 3087 335 3174 Septimii
370 3087 489 3154 Severi
526 3086 680 3152 confecta
702 3087 840 3152 videtur
874 3109 948 3153 esse
982 3087 1086 3169 (LeB.
1109 3089 1172 3172 IH,
1198 3090 1276 3170 212)
1301 3127 1342 3136 -

173 3203 286 3270 conici
312 3209 435 3290 potest,
461 3203 642 3289 aliquando
666 3203 925 3288 emigrationem
953 3205 1135 3272 multorum
1158 3207 1345 3273 incolarum

166 3320 299 3386 iactam
322 3343 405 3405 esse,
430 3321 489 3406 qui
511 3320 548 3385 in
572 3319 689 3385 Attica
712 3320 955 3406 consedissent,
983 3321 1124 3389 fortasse
1148 3323 1228 3408 quia
1250 3324 1344 3390 sinus

171 3436 329 3503 Latmius
352 3437 477 3522 partim
500 3437 568 3502 iam
591 3435 740 3522 antiquis
768 3438 978 3524 temporibus
1013 3439 1050 3504 in
1083 3438 1242 3526 paludem
1265 3461 1343 3506 con·

148 3533 321 3634 ‘versusll
357 3575 376 3618 a
403 3553 490 3618 mari
524 3559 641 3640 aperto
675 3551 794 3618 urbem
829 3553 1024 3621 seiunxerat
1061 3561 1094 3620 61
1129 3555 1344 3642 navigationi

174 3669 443 3756 commercioque
466 3668 710 3755 impedimento
739 3675 820 3736 erat.
867 3669 935 3736 Sed
969 3672 1054 3736 certi
1089 3671 1273 3758 quidquam
1302 3672 1344 3738 de

172 3786 236 3852 hac
260 3786 457 3872 quaestione
480 3785 593 3851 dicere
615 3808 685 3852 non
709 3808 805 3872 queo.

282 4079 307 4148 1)
327 4077 401 4135 OIG.
421 4080 458 4134 ad
476 4098 504 4136 n.
524 4079 585 4134 692.

280 4186 307 4246 2)
327 4185 401 4242 OIG.
420 4187 493 4242 2890
511 4205 572 4259 sqq.
591 4186 666 4242 LeB.
686 4185 740 4257 IH,
760 4185 813 4241 215
832 4204 893 4258 sqq.
932 4187 1001 4242 1569
1019 4207 1060 4261 sq.

280 4296 308 4363 3)
328 4295 385 4350 Ofr.
414 4294 544 4366 Lolling,
583 4296 752 4366 Gcoqraplu'c
786 4313 810 4349 o.
851 4295 1003 4354 Gmccteal.
1041 4295 1072 4352 in
1111 4297 1194 4354 Iwan
1229 4295 1346 4352 Mulleri

175 4386 289 4442 Hoadb.
309 4384 363 4456 III,
382 4386 443 4442 256.
463 4385 548 4442 Paus.
567 4385 647 4454 VIIl,
667 4385 710 4454 24,
730 4385 772 4439 11.
