3072 4986
693 346 891 412 ..4-

208 525 287 592 dum
313 532 365 592 est
381 562 422 572 --
447 532 482 591 et
505 525 632 611 viginti
656 525 727 592 fere
744 526 991 612 epigrammata
1002 524 1119 591 Attica
1142 524 1268 590 saeculi
1292 525 1379 591 sexti

206 641 319 723 (Kaib.
342 640 470 730 lsqq.)‚
495 665 636 729 quorum
653 665 759 709 unum
774 649 909 708 tantum
931 641 1091 707 similiter
1113 641 1253 724 orditur,
1277 651 1379 728 atque

206 759 329 845 priora,
353 766 391 824 ut
414 782 537 826 nomen
561 760 686 826 mortui
706 760 744 824 in
758 755 920 844 genetivo
944 781 1023 823 casu
1046 781 1088 822 ex
1103 757 1267 824 vocabulo
1290 757 1379 842 σῆμα

204 874 376 964 pendente
410 877 510 942 initio
544 877 692 962 positum
721 876 766 941 sit
794 875 908 956 (Kaib.
938 876 973 940 6:
1011 873 1100 958 σῆμα
1138 866 1379 958 aqualata),

206 1015 283 1058 oum
316 993 477 1078 pleraque
511 993 573 1058 hae
596 991 669 1058 fere
691 991 837 1058 formula
873 990 983 1076 ,σῆμα
1010 980 1027 1051 ὁ
1052 987 1143 1052 δεῖνα
1167 982 1308 1076 (πατὴρ)
1331 989 1379 1072 τῷ

207 1105 288 1169 δεῖνι
323 1103 424 1169 παιδὶ
460 1103 609 1194 ἐπέθηκε
647 1099 806 1169 θανόντι“
843 1106 968 1192 dicant,
1009 1113 1085 1193 quis
1119 1113 1377 1173 monumentum

205 1231 338 1291 mortuo
355 1225 559 1291 exstruxerit
576 1219 738 1310 (ἐπέθηκε
755 1226 812 1290 vel
827 1218 1002 1309 κατέθηκε,
1027 1246 1212 1310 numquam
1225 1213 1380 1309 ἀνέθηκε,

205 1363 281 1406 raro
306 1333 459 1427 ἔστησεν).
506 1341 636 1407 Eadem
657 1341 729 1406 fere
752 1340 897 1406 formula
924 1341 1131 1428 epigramma
1151 1340 1380 1426 Erythraeum

206 1458 300 1524 IGA.
324 1458 391 1522 495
415 1465 617 1545 conceptum
640 1464 706 1523 est:

362 1600 417 1682 Τηῖ
440 1597 532 1683 δεῖνι]
559 1594 633 1662 τόδε
657 1600 746 1685 σῆμα
768 1592 875 1686 μήτηρ
900 1594 1049 1686 ἐπέθηκε
1071 1591 1210 1661 θανόντι

358 1709 543 1802 Φανοκρίτη
554 1727 557 1733 “
568 1711 669 1777 τταιόὶ
690 1711 896 1801 χαριζομένη,

205 1861 242 1926 in
276 1882 348 1946 quo¹
377 1861 620 1946 epigrammate
648 1883 725 1925 oum
752 1860 906 1927 Usenero
940 1859 1208 1944 (altorieobisoher
1237 1859 1380 1925 Verstoa

205 1999 236 2061 p.
263 1973 320 2059 33)
344 1973 431 2042 nihil
453 1977 670 2063 transpositis
694 1977 808 2042 verbis
832 1977 957 2042 mutari
980 1977 1069 2043 volo.

312 2146 355 2211 In
393 2146 520 2212 Atticis
555 2147 666 2213 titulis
701 2169 956 2233 nonnumquam
996 2147 1252 2234 pronuntiatur,
1288 2146 1378 2232 σῆμα

205 2261 290 2328 illud
326 2263 427 2328 simul
462 2270 728 2347 monumentum,
767 2263 897 2348 μνῆμα,
935 2264 1101 2330 virtutum
1135 2265 1260 2330 mortui
1295 2286 1377 2348 esse,

207 2377 372 2462 (Kaine.
393 2380 457 2464 17),
495 2392 571 2445 e'um
607 2380 712 2445 semel
739 2386 874 2446 tantum
908 2378 1024 2464 (Kaib.
1050 2382 1091 2445 la
1118 2380 1208 2446 Add.
1241 2403 1273 2467 p.
1302 2380 1380 2458 517)

207 2496 401 2580 sepulerum
426 2496 538 2582 ipsum
554 2495 666 2580 μνῆμα
682 2497 858 2583 apelletur,
883 2494 920 2561 id
936 2495 1026 2582 quod
1042 2496 1078 2561 in
1095 2492 1266 2580 Boeotia¹)
1290 2519 1318 2562 e.
1334 2518 1378 2582 g.,

208 2611 245 2676 in
261 2607 474 2695 Thessa11a2)
497 2607 668 2698 Amorgil)
692 2613 856 2706 usitatum
879 2619 940 2678 est.
986 2589 1167 2678 Praeterea
1181 2613 1294 2678 brevis
1310 2613 1381 2678 lau-

210 2715 303 2793 datio
338 2729 484 2811 mortui,
520 2735 560 2794 ut
594 2728 683 2814 σῆμα
720 2718 852 2810 ἀγαθοῦ
885 2723 943 2790 καὶ
978 2718 1291 2814 σώφρονσςανδρός
1325 2729 1381 2794 vel

208 2832 396 2930 ἀντ’ἆρετης
411 2834 469 2930 ἠδέ
481 2838 707 2930 σαοφροσύνης
729 2841 890 2928 similia4),
915 2846 997 2912 alibi
1021 2847 1189 2912 sententia
1207 2845 1380 2932 quaedam,

208 2967 247 3026 ut
270 2961 488 3028 Homericum
518 2955 556 3022 τὸ
581 2954 641 3044 γὰρ
671 2956 765 3046 γέρας
788 2957 858 3023 ἐστὶ
882 2954 1087 3048 θανόντοινῧ),
1126 2983 1382 3047 nonnumquam

209 3114 250 3122 -
275 3078 405 3144 scilieet
441 3079 469 3144 si
503 3079 667 3144 inusitata
703 3086 755 3144 est
789 3116 830 3124 -
855 3101 954 3144 eausa
976 3074 1122 3159 mortisl)
1156 3079 1193 3144 in
1216 3079 1269 3144 his
1292 3077 1380 3144 anti·

316 3399 344 3464 1)
363 3399 447 3453 Kaib.
466 3398 527 3453 485,
546 3399 607 3454 486.

314 3490 343 3555 2)
364 3490 479 3545 Hermes
495 3489 561 3558 ΧΧ,
582 3483 632 3544 157
650 3507 719 3560 sqq„
743 3488 819 3544 unde
845 3487 1002 3544 verisimile
1020 3494 1064 3543 est
1081 3487 1169 3544 etiam
1186 3488 1264 3546 Ion.
1278 3487 1331 3543 325
1345 3511 1382 3533 =

210 3575 321 3648 Oollitz,
341 3597 369 3632 n.
388 3579 442 3633 324
460 3578 543 3633 initio
563 3579 755 3650 supplendum
773 3597 836 3634 esee
855 3577 967 3650 Μνιῖμα
986 3571 1056 3648 τ]όθ’
1077 3620 1083 3634 .
1104 3620 1110 3633 .
1130 3620 1137 3633 .
1157 3579 1281 3632 έσστασε.

316 3668 342 3736 3)
362 3670 525 3725 Atteniaote
550 3669 745 3739 Mittez'luayea
767 3669 819 3739 XI,
848 3669 881 3723 97
901 3685 961 3738 sqq.
985 3668 1158 3723 112310
1185 3667 1242 3737 (hio
1269 3678 1382 3740 semper

208 3755 306 3830 μνῆμα
326 3757 420 3824 ἔστησε
439 3757 581 3828 legimus).

314 3847 342 3918 4)
362 3847 447 3903 Kaib.
466 3849 491 3902 2.
511 3847 535 3904 3.
555 3847 581 3902 4.
600 3847 650 3902 4a.
670 3847 695 3901 8.
715 3849 739 3902 9.
762 3847 864 3902 1017.
903 3846 977 3902 GIA.
996 3847 1047 3918 IV,
1066 3848 1091 3916 2,
1110 3847 1163 3902 477
1182 3846 1200 3902 i.

314 3937 341 4006 ὅ)
360 3937 445 3992 Kaib.
465 3939 494 4008 7;
514 3941 564 3991 cfr.
578 3936 738 4009 posteriore
756 3941 852 3992 aetate
870 3935 956 3992 Kaib.
976 3937 1066 4006 502,6
1086 3941 1115 3991 et
1133 3936 1232 4004 24114.
1269 3934 1381 3990 Eadem

208 4027 297 4083 verba
325 4027 413 4082 etiam
445 4027 476 4082 in
503 4027 588 4081 titulo
617 4026 689 4081 satis
717 4025 826 4082 recenti
849 4025 940 4081 Iconii
962 4030 1076 4095 reperto
1060 4024 1233 4096 o(Sterett,
1264 4027 1333 4096 Pap.
1352 4026 1387 4095 of

209 4136 293 4174 amer.
311 4119 407 4174 aotool
426 4117 465 4187 Π,
484 4136 512 4172 n.
531 4117 595 4184 236)
614 4115 773 4188 supplenda
792 4121 868 4171 sunt.

223 4253 226 4258 .
315 4209 343 4275 6)
362 4208 467 4278 Pugna
485 4206 570 4261 Kaib.
591 4207 614 4261 1
636 4207 669 4260 19
689 4205 749 4274 (cfr
772 4205 904 4262 180182
922 4201 979 4274 al),
998 4204 1061 4258 lues
1073 4203 1159 4259 Ka1b
1180 4205 1221 4258 11.
1252 4151 1358 4258 Alibi
1348 4222 1382 4258 m

206 4296 280 4352 mari
298 4297 390 4352 vitam
404 4295 535 4352 amisisse
553 4295 685 4352 homines
698 4293 846 4350 dicuntur:
865 4293 950 4408 Kaib.
965 4294 1025 4351 179.
1037 4294 1113 4348 463a
1125 4293 1208 4364 Ado,
1227 4291 1310 4350 JGA.
1326 4292 1393 4347 330

207 4405 272 4441 oum
291 4387 499 4462 supplemento
