3072 4986
629 342 826 408 ..3-

143 518 202 586 ubi
225 520 254 586 si
284 521 431 607 priorem
469 520 608 587 titulum
647 520 852 587 conferimus
891 527 925 586 et
960 543 1045 607 quae
1083 520 1194 587 adhuc
1232 519 1313 606 dixi,

142 637 351 724 respicimus,
376 636 476 702 initio
497 637 581 703 item
604 660 637 703 v.
663 628 767 698 στόλα
790 637 911 704 melius
935 639 1131 725 suppleatur
1154 636 1313 724 aliudque

141 775 266 819 nomen
275 775 336 838 pro
345 742 545 835 [Ἐχετ]ίμου
557 753 735 821 inseratur.
752 755 871 841 Neque
882 754 974 820 enim
984 777 1145 841 umquam
1155 755 1192 819 in
1202 754 1313 820 titulis

143 869 400 955 antiquissimae
440 870 570 956 aetatis,
611 871 677 936 etsi
715 871 879 958 scriptum
917 869 1072 937 videmus
1112 861 1222 932 Στόλα
1263 864 1316 930 ’πὶ

144 978 297 1047 §develat
326 977 406 1065 ἔμμτ
436 987 621 1068 (Cebrenae
645 987 738 1054 IGA.
767 986 846 1070 503)
887 987 943 1053 vel
965 985 1065 1067 μνᾶμ’
1088 981 1149 1048 ἐπὶ
1177 989 1209 1048 Γ
1206 977 1316 1047 (idom

142 1090 394 1186 κᾶριστοκρότετ
424 1125 469 1168 00.
501 1095 581 1182 ἔμμι
616 1102 787 1190 (Thespiis
810 1103 904 1168 IGA.
933 1103 1009 1185 145)
1043 1104 1100 1170 vel
1135 1103 1172 1168 in
1199 1103 1318 1168 Attica

144 1217 232 1303 σῆμα
256 1212 405 1304 ἐπέθηκε
428 1211 576 1296 θανόντι,
617 1242 719 1306 supra
757 1218 894 1285 bustum
933 1219 1005 1285 sive
1043 1221 1212 1285 tumulum
1240 1213 1316 1304 (ἐπὶ

142 1325 268 1416 τύμβῳ)
297 1335 405 1400 ullum
441 1335 530 1420 σῆμα
566 1342 856 1420 commemoratur,
893 1357 970 1401 cum
1012 1336 1076 1402 hoc
1114 1336 1316 1402 venabulum

142 1451 257 1536 potius
289 1472 352 1536 pro
390 1457 463 1517 toto
499 1451 652 1537 sepulcro
691 1452 846 1538 usurpari
885 1473 986 1538 supra
1021 1446 1315 1538 exposuerimus.¹)

144 1565 259 1644 Quare
283 1567 387 1632 etiam
411 1568 580 1633 Homerus
603 1590 672 1634 non
696 1569 805 1633 solum
839 1568 888 1634 ait
921 1559 1045 1648 τύμβον
1078 1563 1161 1653 χέαι,
1197 1590 1317 1662 verum

146 1682 250 1748 etiam
274 1682 363 1768 σῆμα
385 1678 458 1761 χέαι
488 1681 608 1768 (χεῦαι)
632 1706 653 1744 α
677 1685 752 1769 291,
792 1680 811 1744 λ
835 1685 887 1770 75,
912 1688 943 1746 Ζ
962 1685 1039 1770 415,
1058 1687 1098 1746 H
1116 1686 1169 1770 86,
1212 1685 1244 1745 Ψ
1262 1685 1316 1751 45.

143 1799 218 1883 257,
244 1797 275 1859 Ω
288 1800 363 1868 799.
376 1801 453 1884 801,
467 1800 675 1887 eandemque
698 1801 771 1867 vim
794 1800 894 1866 huius
918 1801 1075 1867 vocabuli
1095 1801 1199 1867 ceteri
1222 1800 1318 1867 tituli

142 1915 368 1982 vetustissimi
383 1917 558 2004 praebent,
572 1917 799 2004 utOoroyraei
811 1917 986 1999 duoKaib.
1002 1918 1064 1983 179
1079 1917 1316 1985 =1GA.342:

236 2051 320 2121 Yiod
349 2053 518 2122 TiacioFo
548 2051 774 2145 Μενεκράτεος
797 2051 874 2122 τόόε
896 2059 987 2140 σᾶμα

235 2168 399 2250 Οἰανθέος
422 2168 544 2258 γενεάν·
569 2167 644 2239 τόόε
668 2166 803 2238 όάότᾶι
828 2173 933 2256 ᾶᾶμος
956 2169 1067 2239 ἐποίει
1090 2199 1118 2243 e.
1144 2200 1175 2263 q.
1198 2199 1225 2243 0.

143 2317 220 2398 (hoc
258 2321 451 2406 sepulcrum
488 2319 615 2408 hospiti
653 2321 690 2386 in
728 2321 948 2406 navigatione
997 2320 1157 2386 fluctibus
1196 2319 1316 2386 obruto

142 2434 278 2522 publice
303 2442 511 2502 exstructum
541 2438 604 2518 est)
630 2444 665 2502 et
687 2437 788 2504 Kaib.
816 2438 880 2503 180
906 2468 944 2490 --
969 2436 1064 2504 IGA.
1089 2437 1169 2502 343:

273 2569 370 2649 Σᾶμα
392 2561 468 2632 τόδε
489 2560 660 2656 Ἀρνιόόα·
684 2562 833 2656 χαροπὸς
856 2560 941 2632 τόνδ’
968 2559 1086 2632 ὤλεσεν
1104 2558 1205 2657 ’Ἀοος

272 2677 474 2770 βαρνᾶμενον
496 2679 590 2771 τταρᾶ
614 2681 734 2748 ναυσὶν
749 2676 802 2748 ἐπ’
828 2677 1018 2771 Ἀρόθθοιο
1043 2687 1175 2770 ῥοὲαῖστ

274 2795 401 2864 πολλόν
425 2793 659 2889 ᾶριστεόέοντα
682 2795 767 2865 κατᾶ
791 2795 1008 2866 στονόνῑεσσαν
1032 2793 1175 2882 α’ἱοτοὶν,

144 2952 179 3011 et
201 2946 296 3012 tituli
320 2947 477 3014 Corinthi
500 2947 538 3013 in
560 2947 741 3034 metropoli
768 2947 936 3033 Corcyrae
969 2947 1107 3034 reperti,
1143 2953 1254 3014 aetate
1277 2969 1316 3014 ac

144 3061 252 3128 forma
274 3061 328 3128 his
345 3062 528 3130 admodum
543 3063 682 3149 01101100,
706 3062 800 3130 IGA.
822 3064 877 3129 15:

273 3171 411 3240 Afstrt'o
434 3171 510 3241 τόδε
532 3179 666 3262 [σᾶμα],
691 3171 748 3241 τόν
772 3168 872 3242 ὤλεσε
896 3171 1019 3254 πόντος
1043 3169 1196 3266 ᾶναιΙόής

145 3300 180 3360 et
202 3294 296 3361 IGA.
324 3297 365 3362 18
390 3327 429 3349 =
456 3297 577 3363 Oollitz
601 3298 689 3363 3116
712 3287 900 3381 Δρωπόλοο
922 3287 998 3358 τόδε
1021 3296 1121 3376 σᾶμα.

251 3464 431 3532 Accedunt
454 3466 557 3533 etiam
579 3466 673 3532 tituli
689 3465 902 3553 Aeginenses
926 3467 994 3554 ipsi
1018 3488 1149 3553 quoque
1170 3467 1315 3535 dialecto

145 3581 270 3649 Dorice
305 3583 487 3670 conscripti
521 3572 676 3668 Ἐγὸήλοο
710 3574 787 3644 τόδε
826 3583 916 3662 σᾶμα
950 3582 1044 3650 IGA.
1069 3584 1135 3649 358
1169 3584 1314 3664 (saeculo

147 3699 266 3786 quinto
289 3699 442 3779 ineunte)
467 3705 502 3764 et
524 3700 696 3785 aliquanto
720 3706 837 3786 postea
852 3699 954 3764 Kaib.
985 3701 1049 3766 188
1067 3731 1105 3752 --
1123 3699 1216 3767 IGA.
1235 3701 1314 3767 362:
1357 3757 1359 3762 .

145 3817 177 3876 Γ
174 3808 306 3877 λεοκίτα
338 3806 414 3876 τόδε
448 3813 538 3894 σᾶμα
573 3815 632 3876 τοῦ
660 3808 813 3900 Κυπρίου
841 3814 900 3877 τοᾶ
928 3808 1140 3895 Σαλαμινίου,
1168 3828 1209 3861 ’-
1239 3840 1316 3883 cum

144 3931 345 3998 011100011οο
368 3932 486 3998 titulos
510 3931 627 3997 eedem
650 3931 795 3998 formula
816 3932 989 3998 communi
1011 3932 1171 3998 inchoare
1194 3939 1315 4000 notan-

60 4283 61 4287 ,
252 4203 280 4276 1)
298 4205 373 4262 Nam
392 4206 495 4279 quibus
514 4205 654 4278 exemplis
673 4222 709 4260 ex
727 4204 907 4277 Anthologia
924 4205 1060 4261 Palatina
1078 4205 1193 4262 haustis
1205 4205 1315 4263 Weiss·

145 4293 235 4365 haupl
253 4295 271 4349 l.
290 4296 308 4350 l.
336 4314 363 4367 p.
382 4297 416 4352 51
441 4295 518 4380 σῆμα
537 4315 589 4369 010
607 4315 634 4353 v.
654 4297 781 4366 ἐπίθημα
812 4295 881 4368 00111
910 4294 1097 4366 demonstrat,
1126 4314 1161 4352 ea
1186 4314 1240 4352 1100
1267 4297 1315 4352 hie

144 4382 175 4439 in
194 4382 394 4456 antiquissima
412 4386 580 4442 testimonia
598 4385 777 4459 inquirentes
796 4385 882 4458 plane
900 4387 1052 4458 neglegere
1070 4405 1233 4459 possumne.

1106 4512 1140 4567 1*
