3072 4986
718 346 937 412 ..32...

243 545 311 589 non
335 521 463 607 dubito,
488 522 572 609 quin
587 524 723 589 nomine
740 525 935 610 masculine,
953 525 1043 611 quod
1066 525 1103 591 in
1120 524 1272 592 formulis
1288 524 1314 609 i)
1338 524 1421 607 etl)

244 646 279 704 et
313 639 389 704 aliis
424 639 604 705 sescenties
638 640 841 725 invenimus,
876 663 981 726 aeque
1016 663 1054 707 ae
1090 665 1190 729 supra
1224 643 1261 708 in
1294 640 1421 707 formis

244 753 363 840 a)-e),
388 778 520 842 semper
541 763 641 851 pater
654 757 875 843 significetur,
900 759 1003 824 etiam
1023 780 1099 824 eum
1115 765 1281 824 mortuam
1297 757 1420 823 matri-

243 871 350 937 monii
373 878 546 958 expertem
570 895 642 938 esse
665 895 734 938 non
757 896 890 960 semper
912 883 983 940 tam
1007 876 1095 940 olere
1111 875 1230 960 figuris
1253 875 1288 939 in
1313 874 1420 961 cippo

244 987 412 1074 expressis
436 987 635 1073 ostenditur,
659 1012 760 1075 quam
783 991 910 1076 puellas
928 986 1174 1077 ίνΙνηοιπολὲμη
1194 993 1298 1058 Kum.
1321 991 1421 1070 34οβ

244 1111 279 1170 et
309 1095 456 1189 Mdvvtov
493 1104 530 1169 in
567 1105 775 1191 anaglypho,
815 1106 904 1190 quod
941 1107 1119 1172 Bruokner
1158 1102 1337 1192 „Ornam.“
1378 1107 1420 1172 in

245 1219 313 1286 tab.
337 1220 383 1303 Π,
407 1220 427 1286 6
452 1243 493 1285 ex
517 1220 572 1287 W.
597 1221 639 1286 A.
664 1222 763 1288 Thes.
787 1222 831 1287 49
855 1220 964 1289 edidit
987 1221 1032 1306 (v.
1055 1246 1088 1310 p.
1113 1220 1179 1306 52.)

351 1336 393 1401 In
415 1357 482 1402 uno
503 1336 604 1402 titulo
621 1336 709 1402 OIA.
726 1337 770 1421 H,
788 1338 876 1403 2194
895 1338 1008 1406 verbis
1025 1327 1150 1424 ἀδελφὴ
1167 1333 1203 1400 δὲ
1217 1330 1419 1424 Δημοφίλου

245 1445 445 1514 Κοθωκίδου
490 1475 615 1519 nomen
662 1443 777 1518 fratris
811 1453 965 1520 additum
999 1462 1051 1520 est
1096 1453 1167 1537 (eir.
1203 1455 1291 1520 4003
1326 1454 1419 1521 infra

244 1591 276 1656 p.
301 1566 383 1652 ι38);
430 1568 572 1635 formam
610 1568 783 1634 insolitam
816 1569 918 1635 habet
951 1593 984 1636 n.
1021 1571 1107 1636 2359
1138 1559 1175 1656 [ἡ
1203 1567 1325 1632 δεῖνα.
1351 1569 1418 1652 .]ου

246 1677 490 1768 Μυρρινουσίου
524 1678 665 1769 θυγατρί
699 1676 975 1771 ποθεινουᾶυημ]
1007 1686 1079 1766 (afr.
1103 1687 1148 1772 H,
1184 1688 1270 1752 3481
1295 1692 1330 1754 et
1352 1686 1417 1755 ΠΙ.

247 1803 334 1868 3433
357 1800 448 1866 infra
470 1823 502 1888 p.
528 1799 595 1883 39).

351 1917 416 1982 His
440 1916 603 2001 formulis,
620 1916 742 2002 quibus
758 1916 960 1982 feminarum
975 1917 1114 1984 nomine
1128 1919 1232 2004 vulgo
1249 1917 1418 2005 exprime·

244 2033 377 2118 bantur,
407 2034 649 2119 imperatorum
677 2040 787 2099 aetate
810 2055 898 2100 nova
929 2033 1079 2119 accessit,
1116 2035 1312 2120 saepissime
1335 2034 1418 2100 inde
1520 2115 1521 2120 ἵ

245 2149 406 2216 adhibita.
453 2151 540 2215 Nam
556 2155 690 2235 praeter
704 2151 880 2235 vulgarem
896 2149 1167 2241 designationem
1187 2147 1214 2235 i)
1230 2151 1417 2216 seeundum

245 2267 388 2334 formam
411 2265 447 2347 n)
471 2273 570 2331 antea
593 2266 799 2331 rarissimam
822 2267 890 2330 iam
906 2265 1106 2365 omniafere
1122 2266 1289 2332 demetiae
1311 2289 1415 2353 gene·
1520 2311 1521 2350 ,

245 2385 317 2450 tivo
340 2382 480 2470 pluralis
504 2404 545 2447 ex
567 2382 818 2468 praepositione
842 2376 878 2456 ἐξ
898 2382 1068 2467 pendente
1090 2382 1291 2449 redduntur:

352 2497 388 2583 v)
413 2499 501 2565 OIA.
518 2499 581 2584 III,
608 2499 693 2564 1489
717 2490 892 2584 Δημητρία
913 2491 1091 2577 Διουείμου
1120 2493 1155 2574 ἐξ
1174 2487 1357 2585 Ἀζηνιίων,

244 2639 320 2682 oum
356 2622 456 2680 antea
491 2615 557 2680 duo
592 2622 726 2681 tantum
755 2614 845 2679 demi
879 2608 928 2695 (ἐκ
951 2608 1128 2699 Κεραμέων
1155 2621 1190 2680 et
1213 2609 1250 2676 ἐν
1272 2611 1415 2700 Κηδῶν),

244 2755 386 2819 quarum
408 2732 502 2797 nulla
524 2731 590 2798 alia
613 2731 721 2796 forma
744 2730 905 2814 exstabat,
930 2731 967 2795 in
990 2730 1184 2796 nominibus
1207 2731 1358 2798 virorum
1382 2737 1416 2796 et
1519 2759 1520 2762 ¹

244 2849 447 2915 feminarum
470 2849 520 2914 ita
543 2847 693 2934 expressi
716 2847 794 2912 sint.
843 2846 940 2924 Quod
966 2869 1048 2913 vero
1072 2847 1106 2913 S.
1130 2847 1284 2913 Reinaoh
1307 2845 1416 2928 (truite'

245 2965 282 3030 de
305 2964 426 3049 ίὲμίμν.
446 2985 496 3049 pr.
520 2987 552 3051 p.
581 2964 658 3032 425)
688 2963 780 3046 dicit,
816 2963 854 3027 in
888 2962 1093 3029 feminarum
1126 2963 1320 3030 nominibus
1355 2963 1415 3028 tri·

244 3083 326 3150 bum
348 3081 486 3148 omnino
509 3080 671 3167 genetivo
693 3079 834 3166 pluralis
858 3101 900 3144 ex
915 3079 1165 3165 praepositione
1188 3073 1224 3154 ἐξ
1244 3079 1414 3166 pendente

245 3198 400 3287 exprimi,
436 3197 550 3284 opinio
585 3196 734 3263 obsoleta
768 3202 820 3261 est
855 3201 889 3262 et
911 3196 980 3262 iam
1007 3195 1067 3261 diu
1094 3195 1342 3262 aKumanude
1365 3195 1415 3276 (in
1519 3243 1520 3252 .

245 3322 360 3381 annot.
388 3314 428 3379 17
452 3312 495 3379 ed
517 3337 550 3379 n.
574 3313 630 3393 43)
653 3312 810 3397 refutata,
835 3313 895 3398 qui
916 3312 1007 3377 huna
1034 3333 1133 3408 usum
1155 3334 1225 3378 non
1248 3318 1326 3378 ante
1350 3311 1413 3377 im-

245 3439 438 3519 peratorum
461 3436 613 3516 tempora
636 3429 803 3496 invasisse
826 3434 861 3494 et
883 3451 927 3494 ne
943 3433 1016 3494 tum
1034 3428 1170 3514 quidem
1186 3429 1294 3494 solum
1310 3427 1414 3494 fuisse

246 3548 405 3615 ostendit.
435 3548 522 3613 Nam
532 3545 683 3612 omnium
696 3545 989 3632 septingentorum
1001 3544 1071 3610 fere
1083 3543 1261 3610 titulorum
1273 3567 1314 3610 ex
1327 3543 1412 3611 oIA.

245 3665 309 3749 IH,
335 3665 365 3744 2,
385 3662 427 3729 ad
441 3685 523 3749 quos
535 3662 618 3728 haec
630 3661 783 3748 quaestio
795 3659 954 3747 pertinet,
972 3660 1162 3726 decentum
1176 3659 1413 3726 etundenona·

246 3781 353 3866 ginta,
376 3780 414 3844 in
437 3779 558 3865 quibus
575 3800 699 3844 nomen
714 3777 822 3863 patris
837 3783 872 3841 et
894 3775 1100 3843 demoticum
1123 3783 1239 3863 aperte
1260 3775 1414 3862 cognosci
1518 3841 1519 3870 ,

245 3902 398 3984 possunt,
410 3917 480 3961 non
491 3895 600 3978 magis
609 3916 709 3980 quam
718 3892 998 3978 undenonaginta
1009 3892 1136 3977 inveni,
1151 3891 1210 3978 qui
1219 3891 1412 3958 novamfor-

245 4035 335 4079 mam
352 4011 507 4098 genetivi
521 4010 662 4098 pluralis
679 4032 755 4075 cum
770 4009 1020 4096 praepositione
1043 4003 1080 4083 ἐξ
1101 4008 1271 4093 exhibent,
1294 4030 1413 4076 novem

245 4135 420 4216 praeterea
435 4150 511 4193 oum
528 4126 764 4212 designatione
781 4119 817 4186 ἐν
833 4119 1018 4210 Κεραμέων,
1043 4119 1079 4186 ἐκ
1091 4117 1215 4210 Κοίλης
1233 4131 1306 4210 eet,
1331 4146 1412 4210 quae

247 4267 402 4331 semper
425 4244 528 4310 etiam
551 4244 588 4309 in
610 4243 761 4309 virorum
782 4241 977 4309 nominibus
1005 4240 1132 4307 imitata
1154 4248 1236 4327 erat,
1265 4240 1410 4328 quinque

247 4368 360 4429 autem
383 4369 418 4428 et
440 4360 624 4447 octoginta,
660 4360 719 4446 qui
752 4366 868 4428 vetere
903 4357 1010 4424 forma
1033 4355 1208 4444 (genetivo
1232 4355 1409 4442 singularis
