3072 4986
643 367 839 430 ..9-

156 546 277 612 aetatis
301 568 374 612 esse
398 567 498 632 quam
521 551 650 611 ceteros
674 544 898 612 demonstrari
921 569 1019 633 posse
1042 546 1207 630 videatur,
1232 551 1266 611 et
1290 545 1327 611 in

153 661 301 732 diversis
312 661 507 748 regionibus
523 684 730 750 magnopere
745 663 875 728 variare
891 662 1068 728 titulorum
1089 661 1327 750 sepulcralium

156 777 292 864 formas,
315 779 510 866 saepissime
526 777 617 844 infra
633 779 902 846 animadversuri
926 779 1040 845 simus.
1079 779 1240 844 Fortasse
1263 777 1327 844 hoc

156 895 299 960 interest
321 895 412 961 inter
434 895 494 960 1133
518 893 600 960 111133
624 893 759 980 formas,
794 903 834 960 ut
860 895 1102 961 nominativus¹
1115 895 1247 982 positus
1271 895 1327 980 sit,

155 1010 215 1077 ubi
238 1011 323 1078 illud
346 1013 454 1078 solum
478 1011 701 1100 spectabatur,
726 1017 765 1077 ut
788 1034 913 1077 nomen
933 1012 1113 1077 memoriae
1136 1010 1328 1076 traderetur

157 1163 199 1173 -
223 1150 289 1214 11113
310 1151 346 1194 13
371 1125 501 1194 Therae
524 1150 593 1194 non
616 1129 654 1194 in
688 1128 796 1216 cippis
832 1127 951 1194 sedin
974 1128 1055 1194 vivo
1090 1149 1169 1192 saxo
1193 1127 1327 1214 saepius

156 1251 329 1310 exaratum
342 1280 393 1330 --,
407 1251 442 1310 at
459 1245 662 1330 contra,''ubi
677 1245 763 1310 illud
778 1245 1003 1332 premebatur,
1022 1245 1117 1310 cuius
1135 1244 1328 1337 sepulcrum

155 1361 211 1428 uel
235 1362 320 1426 stela
342 1361 468 1428 alicubi
492 1367 652 1446 exstaret,
688 1361 868 1447 genetivus
903 1361 1076 1426 adhibitus
1100 1361 1154 1426 sit.
1203 1359 1328 1445 Singu-

155 1477 236 1542 laris
260 1500 340 1542 usus
363 1478 446 1544 Meli
470 1484 588 1564 exstat,
624 1477 683 1543 ubi
706 1477 762 1544 vel
784 1477 821 1542 in
855 1477 1099 1564 antiquissimis
1123 1476 1191 1542 11113
1219 1476 1328 1563 cippis

155 1593 280 1679 lapidis
303 1593 397 1660 rubri
421 1599 587 1660 aetomate
621 1593 798 1680 fastigato¹
818 1601 880 1669 aut
911 1594 1153 1660 semicirculari
1190 1594 1327 1678 ornatis,

158 1733 241 1798 quos
265 1711 352 1777 Ross
377 1711 475 1776 alteri
502 1710 648 1798 periodo,
675 1733 775 1796 quam
803 1709 894 1796 fecit,
930 1711 1062 1795 tribuit,
1100 1711 1188 1775 sicut
1210 1717 1329 1797 postea

157 1826 289 1894 saeculo
326 1827 444 1913 quinto
480 1833 643 1913 quartove
666 1826 709 1892 ad
742 1849 867 1918 nomen
891 1827 1017 1892 mortui
1052 1827 1089 1892 in
1116 1827 1328 1892 nominativo

155 1943 304 2029 positum
326 1965 452 2008 nomen
474 1943 580 2024 patris
604 1944 641 2007 in
665 1943 825 2028 genetivo
849 1965 929 2008 casu
952 1937 1121 2026 accedit1).

262 2060 305 2125 In
327 2082 395 2126 uno
429 2059 542 2146 lapide
571 2058 721 2124 Theraeo
754 2060 861 2143 (IGA.
890 2058 980 2144 449),
1017 2081 1117 2145 quem
1145 2059 1330 2146 imaginem

156 2176 285 2263 pictam
309 2177 429 2240 tulisse
445 2182 598 2262 apertum
622 2182 684 2262 est,
709 2176 874 2242 artificem
898 2199 933 2240 se
949 2176 1142 2241 nominasse
1158 2176 1328 2240 videmus:

161 2282 404 2375 Θαρ(ρ)3’μαχος
427 2285 546 2369 ἐποίει,
582 2298 621 2357 111
655 2315 755 2380 supra
777 2315 811 2380 p.
836 2294 857 2358 5
881 2315 931 2378 sq.
965 2293 1001 2357 in
1025 2299 1116 2358 terra
1139 2291 1330 2358 continenti

158 2406 306 2473 artifices
329 2429 372 2473 ex
394 2408 515 2474 insulis
539 2415 629 2474 ortos
657 2410 862 2474 invenimus.
909 2409 1029 2495 Itaque
1058 2431 1135 2474 cum
1157 2409 1330 2474 insulanos

158 2525 195 2589 in
210 2523 319 2612 ipsam
336 2525 513 2590 Graeciam
529 2527 787 2610 transmigrasse
804 2537 1053 2612 cognoscamus,
1071 2525 1201 2590 Therae
1218 2531 1329 2590 autem

158 2640 304 2706 incolam
332 2641 476 2708 Doricae
504 2641 678 2729 hexapolis
701 2641 872 2707 Asiaticae
907 2642 1077 2729 sepultum
1109 2663 1182 2706 esse
1216 2639 1331 2707 videa-

158 2779 234 2822 mus
250 2757 292 2840 (si
307 2764 399 2824 13313
415 2758 628 2845 intellegitur
643 2758 696 2824 tit.
718 2757 812 2824 IGA.
836 2758 902 2822 452
924 2752 959 2832 ἕξ
978 2748 1156 2841 ἓξαπόλιορ
1174 2747 1331 2840 Δωριεύς)

158 2871 212 2938 his
240 2896 372 2960 quoque
399 2875 627 2940 monumentis
661 2873 708 2959 id,
743 2873 832 2960 quod
859 2874 928 2939 iam
961 2874 1099 2940 aliunde
1134 2874 1176 2938 de
1209 2872 1332 2938 insulis

159 2990 262 3056 maris
285 2991 396 3077 Aegei
419 2991 614 3057 conclusum
638 2996 699 3075 est,
725 2988 972 3077 comprobatur,
996 3013 1057 3078 per
1081 3013 1136 3056 eas
1159 2996 1332 3075 tamquam

159 3129 220 3193 per
253 3113 394 3194 pontem
428 3107 673 3193 antiquissimis
708 3107 776 3172 illis
810 3107 1020 3194 temporibus
1059 3107 1258 3173 commercia
1298 3113 1333 3172 et

160 3223 381 3310 migrationes
404 3223 579 3290 hominum
602 3224 693 3289 inter
709 3222 887 3290 Graeciam
911 3229 945 3288 et
969 3223 1110 3290 orientis
1133 3229 1239 3288 terras
1263 3221 1332 3287 fac-

161 3345 212 3404 tas
236 3361 319 3404 esse.

267 3455 414 3522 Nomina
436 3463 645 3523 mortuorum
668 3457 705 3522 in
728 3457 938 3524 nominativo
962 3477 1040 3522 casu
1061 3456 1171 3542 posita
1188 3493 1228 3501 -
1247 3477 1332 3541 quae

161 3571 271 3638 forma
293 3577 427 3638 nostrae
451 3574 572 3639 aetatis
595 3573 790 3640 hominibus
813 3573 960 3638 maxime
983 3572 1106 3638 idonea
1129 3572 1265 3639 videtur
1291 3607 1330 3616 —

163 3695 298 3776 praeter
322 3688 405 3754 duas
429 3689 565 3775 insulas,
601 3713 683 3778 quas
708 3690 977 3774 commemoravi,
1013 3690 1077 3754 hac
1111 3695 1221 3756 aetate
1256 3689 1332 3756 aliis

161 3869 374 3876 m—

269 3965 297 4032 1·)
316 3963 407 4019 Tituli
426 3963 576 4036 compositi
603 3971 673 4020 sunt
699 3985 717 4021 a
735 3965 918 4022 Kirohhoffio
948 3962 1040 4022 Stud.4
1067 3983 1094 4036 p.
1119 3966 1155 4018 68
1179 3983 1239 4035 sqq.
1277 3964 1333 4018 Sed

164 4053 314 4110 Gustatus
333 4054 509 4118 Hirschfeld,
539 4054 588 4126 qui
616 4073 730 4110 1113311111
748 4055 784 4110 de
802 4054 847 4111 his
865 4054 960 4111 titulis
978 4053 1072 4110 Meliis
1101 4053 1333 4122 communicavit,

162 4143 683 4216 13111333(131113131131333113331,
711 4164 782 4200 num
810 4153 924 4216 tempus
954 4161 1053 4199 eorum
1072 4142 1209 4199 13313313
1228 4142 1334 4199 consti-

168 4239 265 4288 tutum
286 4233 331 4299 sit,
353 4234 421 4306 quia
438 4234 603 4290 litterarum
621 4235 734 4305 duetus,
758 4236 805 4291 vel
828 4253 928 4291 eorum
948 4234 997 4306 qui
1015 4232 1210 4306 antiquissimi
1227 4234 1334 4289 haben-

163 4327 220 4393 tur,
239 4327 353 4378 tantam
372 4323 553 4396 diligentiam
571 4331 660 4395 atque
679 4324 914 4399 aequabilitatem
941 4343 1011 4399 prae
1039 4342 1070 4380 se
1093 4323 1197 4394 ferant,
1226 4330 1335 4397 quanta

163 4412 221 4469 1313
239 4418 335 4470 331313
354 4416 439 4487 plane
457 4413 589 4473 inaudita
608 4413 655 4473 sit.
