3072 4986
646 329 865 396 ..49-

91 489 101 508 ⁸
167 509 310 597 quidem
332 508 469 594 iudicio,
493 508 653 575 ostendit.
698 509 772 576 Nec
794 510 904 576 solum
928 509 1114 577 columellis
1147 513 1208 579 sed
1239 512 1344 580 etiam

168 627 295 694 statuis
320 626 474 714 sepulcra
496 626 552 693 vel
575 625 634 694 Vl.
660 625 786 692 sacculi
812 632 931 693 ornata
954 649 1026 693 esse
1055 650 1097 693 ex
1126 650 1165 695 eo
1193 627 1342 717 apparet,

167 742 261 834 quod
283 742 374 809 haud
397 743 498 829 pauci
520 743 614 810 tituli
650 743 722 808 eius
757 743 878 808 aetatis
912 744 949 810 in
984 743 1120 810 basibus
1156 751 1343 811 statuarum

168 859 409 948 sepulcraliurn
431 859 559 948 reperti
582 854 700 944 aunt,¹)
729 881 872 946 quarum
888 859 990 926 etiam
1002 883 1044 926 cx
1059 861 1245 948 posteriore
1256 867 1342 928 tem·

168 999 250 1064 pore
278 977 461 1044 nonnullae
489 982 633 1042 exstant.

276 1112 374 1179 Nova
396 1109 505 1176 forma
529 1111 706 1197 cipporum
728 1117 874 1177 exeunte
890 1112 1023 1178 saeculo
1039 1111 1168 1198 quinto,
1192 1118 1232 1178 ut
1246 1111 1342 1178 vide-

170 1233 234 1312 tur,
260 1234 333 1294 orta
356 1227 497 1314 hydriae
520 1238 724 1292 marmoreae
748 1233 828 1292 sunt
854 1216 977 1311 (idcina
1004 1216 1034 1312 q*
1058 1218 1189 1289 adtraat
1216 1220 1344 1312 στερεαί

169 1344 329 1428 Kuman,
353 1335 496 1428 λήκυθοι
519 1344 622 1428 vulgo
646 1342 856 1429 appellatae),
881 1365 967 1428 quae
987 1344 1080 1430 ipsae
1103 1366 1236 1430 quoque
1258 1367 1343 1412 non-

169 1482 354 1545 numquam
383 1460 510 1545 figuras
543 1459 737 1546 anaglypho
773 1481 947 1545 expressas
980 1459 1154 1545 praebent.
1211 1461 1260 1526 Hi
1294 1462 1342 1527 la·

169 1575 266 1662 pides
281 1596 441 1642 urnarum
458 1576 593 1642 illarum
608 1575 751 1641 formam
766 1575 953 1661 imitantur,
980 1598 1065 1661 quae
1084 1575 1206 1642 fictiles
1223 1577 1343 1664 quinto

168 1693 302 1758 saeculo
325 1693 487 1780 sepulcris
515 1692 787 1780 imponebantur,
812 1692 941 1779 lecythi
965 1693 1164 1780 appellatae,
1200 1715 1342 1779 quarum

167 1808 296 1874 multae
328 1809 472 1896 picturis
504 1809 548 1875 ad
582 1809 784 1897 sepulcrales
812 1809 899 1876 ritus
928 1809 1181 1897 pertinentibus
1203 1815 1342 1876 ornatae

168 1924 363 1990 etiamnunc
387 1932 531 1992 exstant.
577 1926 673 1991 Haec
696 1948 777 1992 vasa
804 1949 991 1992 marmorea
1014 1927 1127 1993 omnia
1161 1934 1241 1992 ante
1274 1926 1342 1992 Rc·

167 2063 303 2107 manam
337 2047 484 2108 aetatem
521 2041 633 2128 posita
672 2063 745 2107 esse
779 2042 1002 2108 Kumanudes
1041 2043 1227 2109 annotavit.
1274 2042 1343 2110 Sed

171 2157 315 2223 alterum
338 2157 432 2242 illud,
468 2157 559 2243 quod
596 2157 688 2223 idam
716 2181 756 2224 ea
783 2158 851 2224 nisi
889 2159 926 2224 in
964 2159 1127 2245 sepulcris
1166 2158 1343 2225 bominum

171 2275 383 2340 matrimonii
406 2273 596 2361 expertium
617 2274 722 2359 vtrlgo
744 2295 813 2341 non
837 2275 987 2342 inveniri
1009 2275 1058 2341 ait
1081 2265 1344 2360 (λουθροφόροι),

171 2411 261 2456 nunc
285 2413 362 2456 cum
384 2398 437 2457 tot
460 2377 679 2457 monumenta
701 2413 791 2457 nova
814 2391 1027 2477 accesserint,
1057 2413 1119 2479 pro
1142 2413 1223 2458 vero
1236 2391 1344 2479 accipi

170 2505 239 2571 iarn
285 2529 355 2573 non
400 2513 523 2596 potest.
582 2509 688 2592 Vasa,
735 2529 820 2594 quae
859 2498 1084 2592 λουθροφόροι
1119 2508 1342 2594 appellantur,

43 2705 46 2708 Ι
169 2619 212 2689 Α.
237 2619 469 2698 Milchhofcr2)
511 2624 548 2689 in
583 2622 767 2708 gracilibus
802 2623 973 2711 amphoris
1008 2623 1170 2690 fictilibus
1204 2624 1345 2710 agnosci

168 2739 262 2826 possi
286 2741 470 2826 contendit,
497 2763 582 2826 quae
605 2739 800 2827 frequentes
816 2762 960 2827 superne
976 2739 1013 2805 in
1029 2746 1120 2805 terra
1135 2729 1342 2808 tumulorum

168 2861 324 2942 repertae
347 2863 435 2924 sunt.

276 2991 441 3057 Romanis
485 2991 701 3077 potissimum
738 2990 947 3078 temporibus
974 3012 1099 3077 parvae
1145 2990 1342 3057 columellae

169 3108 333 3174 rotundae
357 3100 533 3190 (κιονίσκοι
556 3106 728 3192 Rumam),
755 3107 886 3191 coronis
909 3130 1054 3194 superne
1078 3108 1219 3192 cinctae,
1254 3129 1342 3172 mar·

170 3225 272 3290 moris
295 3224 467 3310 Hymettii
489 3225 696 3311 plerumque,
721 3245 792 3289 non
814 3223 991 3308 Pentelici,
1021 3223 1184 3312 sepulcris
1212 3223 1341 3310 imponi

169 3341 332 3424 solebant,
357 3339 550 3426 frequentes
573 3340 683 3406 adhuc
707 3345 870 3406 servatae.
904 3338 1111 3426 Anaglypha
1134 3340 1171 3404 in
1193 3337 1247 3404 his
1271 3338 1340 3426 cip·

168 3456 223 3542 pis
246 3457 349 3543 vulgo
371 3478 441 3522 non
463 3457 686 3544 reperiuntur,
710 3478 896 3542 numquam
919 3455 990 3522 fere
1013 3457 1089 3543 plus
1113 3477 1213 3541 quam
1233 3477 1340 3521 unum

168 3592 294 3638 nomen
317 3571 488 3639 exhibent.

275 3689 455 3754 Praeterea
470 3688 587 3754 infima
603 3695 714 3755 aetate
737 3689 873 3776 saepius
889 3687 981 3776 cippi
998 3686 1138 3774 antiqui,
1161 3687 1220 3774 qui
1236 3693 1337 3755 antea

168 3802 236 3868 iam
275 3803 433 3892 inscripti
472 3811 582 3889 erant,
623 3806 666 3871 ad
703 3828 809 3872 novas
844 3805 1085 3893 inscriptiones
1123 3803 1234 3871 denuo
1280 3804 1339 3870 ad-

167 3919 270 3987 hibiti
294 3927 388 4008 sunt,
420 3943 497 3988 cum
529 3921 623 4007 prius
651 3943 776 3988 nomen
808 3922 934 4008 partim
961 3921 1155 3988 eraderetur
1182 3920 1339 4006 -quod

276 4178 302 4248 1)
321 4177 380 4234 cfr.
398 4177 558 4243 Lceschlre,
576 4179 639 4235 Ata.
661 4177 740 4234 11111.
759 4177 802 4234 IV
819 4195 846 4250 p.
865 4179 919 4234 294
936 4195 997 4251 sqq.

273 4295 385 4364 211111.
407 4297 485 4353 11111.
504 4296 540 4366 V,
560 4296 612 4352 176
629 4312 671 4366 sq.
709 4293 761 4350 cfr.
781 4292 869 4350 etiam
888 4289 1117 4366 Furtwaengler,
1139 4295 1253 4351 Summi.
1274 4293 1337 4351 sao.

168 4385 205 4441 ad
223 4385 282 4442 tab.
301 4384 344 4440 58.

1124 4509 1143 4563 4
