3072 4986
629 361 847 425 -27-

260 540 285 606 J
286 562 341 604 am
376 539 417 604 ad
442 539 613 626 singulare
637 538 806 625 quoddam
834 538 1046 626 epitaphium
1070 539 1176 604 bonae
1200 536 1321 602 aetatis

149 661 374 740 transeamus,
399 657 493 722 cuius
517 656 626 722 forma
649 657 772 721 mirum
802 661 965 741 quantum
989 657 1030 722 ab
1056 655 1211 721 omnihus
1245 653 1322 718 aliis
1381 687 1383 693 ·

150 772 306 838 omnium
328 758 518 859 temporuin
541 773 707 857 abhorret,
743 777 782 837 ut
804 773 917 859 paullo
941 773 1128 838 accuratius
1163 771 1226 836 hoo
1249 771 1322 834 loco

150 888 195 953 de
220 911 259 954 eo
279 891 383 974 'agere
406 890 631 955 necessarium
655 889 708 955 sit.
752 888 884 954 incisus
908 895 959 954 est
982 889 1102 954 titulus
1126 888 1163 954 in
1185 885 1322 952 notissi-

150 1028 208 1070 ma
233 1005 292 1070 illa
314 1006 397 1070 stela
413 1006 557 1089 Dexilei‚
582 1006 676 1070 cuins
693 1006 926 1092 anaglyphum
942 1005 1121 1090 pulchrum
1137 1005 1205 1068 iam
1222 1023 1323 1086 supra

150 1121 331 1187 attulimus
354 1124 398 1209 (p.
425 1118 516 1206 15)‚1)
541 1145 626 1207 quae
649 1123 686 1186 in
709 1144 833 1206 magna
857 1122 915 1186 illa
937 1122 994 1187 via
1018 1121 1180 1210 sepulcris
1202 1117 1322 1183 utrim-

152 1260 220 1323 que
235 1238 419 1323 ‚distincta
453 1238 496 1304 ad
519 1239 684 1324 Dipylum
718 1260 822 1324 prope
858 1238 1034 1303 ecclesiam
1069 1237 1117 1304 St.
1144 1234 1323 1302 Trinitatis

151 1353 297 1419 inventa
319 1360 384 1438 est;
410 1354 522 1419 editus
546 1360 597 1419 est
619 1377 710 1420 nunc
734 1353 822 1420 ClA.
848 1354 893 1439 Π,
918 1355 1019 1420 2084:

412 1463 573 1544 Δεξίλειος
595 1462 765 1532 Λυσανίου
792 1463 946 1554 Θορίκιος

347 1621 350 1627 ·
411 1581 534 1669 ἐγένετο
559 1581 619 1647 ἐπὶ
647 1576 869 1670 Τεισάνδρο(ο)
893 1575 1046 1672 ἄρχοντος

413 1693 564 1766 ἀπέθανε
588 1693 640 1764 ἐπ’
667 1693 918 1787 Εὐβο(ο)λίόο(ο)
943 1692 1096 1788 ἄρχοντος

414 1814 450 1901 ἐν
472 1813 645 1904 Κορίνθιοι
668 1819 733 1880 τῶν
755 1813 855 1882 πέντε
879 1811 1022 1882 ἱππέων.

155 1935 316 2019 Legimus
340 1936 448 2020 igitur
470 1943 547 2023 post
570 1959 694 2002 nornen
717 1937 843 2000 mortui
878 1935 927 2018 (in
950 1936 1059 2002 forma
1081 1937 1145 2002 hoo
1172 1941 1324 2022 tempore

153 2049 303 2136 usitata),
340 2075 404 2137 quo
434 2075 521 2118 anno
545 2059 654 2136 natus,
692 2074 757 2137 quc
781 2059 932 2117 mortuus
957 2053 1001 2117 sit
1026 2049 1141 2136 (414f3
1166 2059 1200 2117 et
1223 2048 1325 2135 394s3

153 2189 183 2232 a.
209 2167 288 2247 Chr.
313 2168 359 2246 n.)
384 2175 419 2234 et
443 2169 600 2235 Corinthi
624 2191 701 2234 eum
725 2169 872 2235 occisum
896 2191 967 2234 esse
991 2169 1027 2233 in
1062 2191 1202 2234 numero
1226 2168 1324 2254 quin-

153 2305 221 2369 que
245 2285 396 2369 equitum
421 2320 462 2330 -
486 2307 569 2371 quos
592 2308 662 2350 una
678 2285 839 2350 cecidisse
856 2291 1120 2350 consentaneum
1145 2292 1205 2350 est.
1245 2285 1324 2349 Jam

154 2400 185 2464 si
206 2399 409 2466 conferimus
434 2401 646 2488 epitaphium
663 2402 748 2468 CIA.
773 2403 818 2486 Π,
847 2403 931 2468 1673
960 2403 997 2467 in
1021 2401 1181 2486 epistylio
1205 2422 1324 2465 monn-

153 2517 263 2582 menti
285 2517 414 2603 publici
437 2518 474 2583 in
498 2518 671 2584 Ceramico
689 2517 906 2605 inscriptum,
943 2541 1009 2604 quo
1033 2519 1164 2604 equites
1189 2539 1324 2582 enume-

153 2637 282 2717 rantur,
306 2634 364 2719 qui
387 2657 546 2699 unacum
571 2634 655 2700 duce
672 2635 828 2700 Corinthi
853 2641 887 2699 et
904 2635 1075 2700 Coroneae
1097 2634 1199 2700 occisi
1216 2639 1322 2717 erant,

155 2747 301 2814 eundem
328 2749 419 2816 hunc
443 2750 622 2815 Dexileum
646 2751 858 2818 nominatum
881 2751 1046 2816 videmus.
1093 2750 1204 2828 Quare
1228 2749 1324 2836 quin-

156 2887 222 2950 que
246 2865 323 2932 illos
347 2867 478 2953 equites
514 2889 630 2932 omnes
654 2867 745 2932 inter
768 2867 899 2953 equites
934 2869 971 2934 in
994 2868 1057 2933 hoc
1080 2869 1184 2933 altero
1207 2889 1324 2932 monu-

154 2964 271 3047 mento
294 2983 476 3068 inscriptos
508 2983 632 3048 iterum
646 2990 807 3070 receptos
843 3005 916 3048 esse
939 2984 1126 3050 verisimile
1154 2990 1206 3050 est
1230 2989 1264 3048 et
1287 2983 1325 3049 in

156 3105 310 3184 separato
334 3105 553 3165 monumento
570 3100 706 3164 Dexilei
729 3100 833 3166 verba
855 3099 920 3160 τῶν
942 3094 1042 3162 πέντε
1066 3092 1201 3162 ἱππέων
1224 3122 1325 3187 prop·

154 3219 248 3279 terea
270 3215 381 3300 posita
404 3238 486 3301 esse,
511 3216 600 3302 quod
622 3217 759 3301 egregio
782 3216 924 3282 fortasse
948 3216 1099 3282 facinore
1114 3223 1196 3303 tunc
1212 3217 1324 3302 ipsum

155 3330 327 3396 nobilitati
356 3338 462 3398 orant.
509 3333 694 3398 Pausanias
733 3355 865 3419 quoque
904 3332 943 3418 (Ι,
973 3331 1084 3418 nair)
1123 3355 1200 3399 oum
1236 3333 1325 3399 hanc

154 3446 248 3512 viam
286 3447 449 3534 sepulcris
488 3455 641 3514 ornatam
686 3447 855 3534 describit,
896 3455 1153 3515 monumentum
1199 3450 1326 3515 civium

157 3563 315 3628 Corinthi
338 3565 524 3630 occisorum
548 3571 797 3650 commemorat,
822 3565 912 3652 quod
935 3566 977 3632 ad
997 3566 1090 3632 idem
1112 3567 1176 3632 hoo
1199 3566 1324 3632 bollum

156 3679 240 3744 anni
263 3681 329 3745 394
351 3681 495 3746 relatum
530 3689 591 3748 cst.
639 3681 707 3748 Sed
740 3705 815 3748 cum
844 3683 881 3750 in
910 3683 1072 3768 catalogis
1106 3683 1175 3748 illis
1199 3689 1325 3748 mortu-

157 3817 253 3862 orum
289 3795 408 3882 quinto
445 3799 576 3864 saeculo
599 3797 746 3865 Athenis
781 3799 1015 3886 frequentibus
1050 3821 1183 3886 semper
1210 3821 1326 3864 omnes

158 4031 279 4097 quantes
308 4025 428 4098 fuerint,
461 4045 515 4083 neo
542 4027 628 4084 facile
654 4022 737 4081 νόθοι
765 4027 883 4085 civitate
901 4027 1003 4084 donari
1022 4028 1101 4085 soliti
1119 4027 1191 4099 sint,
1219 4028 1327 4084 mirum

156 4113 291 4172 videatur
309 4134 381 4186 esso,
409 4117 484 4188 quod
511 4124 573 4172 tam
598 4116 719 4190 exiguus
746 4137 885 4174 numerus
913 4136 1013 4174 eorum
1040 4136 1076 4174 ex
1098 4118 1190 4191 cippis
1208 4118 1327 4190 agnosci

155 4203 263 4278 possit:
291 4211 321 4260 at
346 4205 538 4262 dubitandum
565 4225 624 4262 non
651 4213 707 4278 est,
736 4207 806 4278 quin
833 4210 968 4280 pleraque
995 4209 1153 4264 nothorum
1180 4208 1327 4280 epitaphia

156 4303 238 4359 nullo
248 4303 305 4359 alio
319 4303 402 4376 signo
416 4305 532 4377 cognita
543 4305 620 4362 inter
628 4306 730 4361 titulos
743 4306 911 4376 „hominum
921 4305 1043 4378 originis
1051 4305 1195 4367 incertae“
1208 4308 1327 4368 lateant.

265 4393 292 4463 2)
311 4393 361 4452 cfr.
384 4397 450 4453 Rev.
469 4396 856 4467 arciaca-V111(1863)351
876 4415 936 4470 sqq.
