3072 4986
639 299 857 364 „57-

162 478 269 546 sacris
305 478 477 562 fruantur,
512 477 562 543 ita
596 476 798 543 adumbrari.
846 475 914 540 Our
936 481 1107 540 mortuum
1134 471 1336 538 reclinatum

162 595 268 662 nullis
307 595 502 681 insignibus
540 600 697 660 notatum
738 593 795 659 hic
836 591 947 658 subito
986 591 1081 655 velut
1126 587 1244 653 divum
1281 585 1338 652 vel

161 713 301 778 heroem
338 716 631 798 repraesentatum
666 732 739 774 csse
777 708 875 775 nobis
911 699 1215 794 persuadeamuslll
1249 702 1337 767 Nam

164 826 390 913 Stephanium
405 825 644 907 (uusrulacadcr
667 824 824 890 Herakles
839 847 872 911 p.
898 825 939 888 72
956 821 1041 909 sqq.)
1065 829 1100 888 61
1122 818 1338 902 Pervancglu

164 916 796 1026 (11111111111611111111111106.
823 939 1047 1024 crassiana,
1076 937 1173 1018 1611)
1198 942 1232 1001 a
1255 933 1338 999 auos

165 1065 313 1142 secutus,
348 1059 479 1146 lapidas
502 1059 749 1146 sepulcrales
772 1080 792 1124 a
815 1055 1081 1123 dedicatoriis
1105 1052 1256 1120 ciusdem
1279 1071 1337 1134 ge-

164 1176 257 1241 neris
286 1174 509 1240 secernendos
534 1197 607 1239 csse
636 1196 771 1258 censeo,
795 1173 831 1238 id
856 1172 945 1258 quod
968 1172 1163 1238 Brueckner
1186 1166 1336 1248 (Orcum.
1383 1247 1385 1253 Ι

164 1315 196 1378 p.
221 1293 265 1357 83
290 1313 339 1378 sq.
374 1298 444 1359 not.
469 1292 502 1372 3)
543 1296 577 1356 61
604 1291 864 1375 Fuitwaengler
900 1287 1043 1372 (Summi.
1079 1285 1195 1352 Subur.
1231 1280 1337 1370 praef.

163 1431 196 1495 p.
221 1409 265 1474 28
289 1407 375 1494 sqq.)
399 1379 588 1473 accuratius
622 1405 792 1492 persecuti
816 1412 908 1472 sunt:
945 1405 982 1471 in
1006 1400 1223 1469 dedicatoriis
1246 1397 1338 1465 enim

163 1522 283 1590 herces
306 1528 574 1610 repraesentatos
599 1545 672 1588 esse
695 1545 794 1588 nemo
819 1528 881 1608 est,
906 1522 965 1608 qui
989 1520 1133 1588 dubitet.

645 1756 857 1764 ——----——

229 2086 233 2094 ,
713 1984 793 2054 iv.

229 2131 477 2214 Atticorum
507 2130 744 2213 titulorum
771 2130 943 2212 formae
971 2129 1065 2211 tota
1094 2126 1279 2212 Graccis

652 2265 857 2347 usitatae.

586 2416 648 2484 (IV
667 2429 738 2482 sqq.
758 2414 929 2481 saeculis.)

273 2544 374 2610 Nunc
408 2543 568 2628 quoniam
601 2542 719 2608 titulos
750 2548 784 2607 61
811 2543 942 2629 lapides
973 2541 1174 2627 sepulcrales
1203 2539 1339 2605 Atticos

169 2659 353 2746 separatim
388 2683 408 2724 a
434 2659 523 2724 bello
546 2658 834 2745 Peloponnesiaco
869 2657 1046 2743 usquead
1074 2657 1193 2722 infima
1215 2657 1339 2722 Roma-

166 2785 288 2842 norum
315 2781 468 2862 tempora
495 2775 759 2863 percensuimus,
797 2774 840 2840 ad
871 2783 982 2839 cetera
1011 2773 1183 2860 epitaphia
1211 2773 1340 2838 Graeca

166 2915 282 2958 rursus
304 2915 366 2958 nos
390 2899 635 2976 convertamus
666 2914 751 2978 quaa
779 2890 948 2956 adfinem
972 2890 1096 2955 saeculi
1125 2889 1236 2976 quinti
1264 2911 1339 2975 pcr-

168 3009 276 3076 secuti
300 3031 426 3074 sumus.
473 3009 546 3074 Iam
569 3014 643 3072 tum
666 3007 703 3073 in
725 3007 898 3072 nonnullis
922 3012 1055 3072 veteres
1079 3004 1340 3071 consuetudines

167 3130 314 3190 mutatas
331 3132 366 3189 et
381 3147 486 3192 novas
503 3123 679 3188 nominum
695 3120 829 3209 formas,
852 3145 934 3210 quas
952 3121 1042 3210 apud
1057 3121 1192 3187 Atticos
1208 3143 1341 3207 semper

124 3240 133 3257 “
166 3241 332 3306 mansisse
355 3241 456 3306 modo
478 3239 637 3323 vidimus,
667 3239 834 3306 invasisse
863 3238 1180 3305 animadvertimus:
1216 3259 1340 3303 nomen

104 3340 106 3344 Ι
167 3357 294 3424 mortui
309 3380 379 3424 non
394 3357 431 3423 in
444 3355 604 3442 genetivo
618 3377 706 3440 casu,
723 3362 882 3440 utentes,
897 3356 1007 3423 sedin
1018 3353 1230 3421 nominativo
1243 3353 1339 3439 poni·

168 3481 234 3558 tur,
260 3497 336 3540 cum
359 3474 496 3541 1101111116
519 3472 635 3559 patris,
659 3472 832 3538 interdum
855 3471 980 3567 mariti,
1010 3471 1038 3537 si
1062 3471 1184 3536 mulier
1206 3476 1340 3535 mortua

169 3595 229 3674 est,
266 3589 381 3656 addito
411 3589 579 3655 demotico
614 3595 673 3654 aut
702 3589 889 3674 gentilicio,
919 3589 949 3654 si
978 3589 1052 3675 quis
1076 3610 1146 3653 non
1170 3587 1207 3653 in
1229 3585 1341 3673 patria

168 3705 326 3772 humatus
355 3701 445 3788 esu2)
491 3705 607 3792 Atque
641 3729 683 3772 ex
717 3705 780 3772 hac
814 3711 926 3772 aetate
960 3704 1098 3771 nomina
1130 3709 1339 3770 mortuorum

276 4017 302 4088 1)
320 4018 396 4073 Nam
424 4017 470 4071 vel
497 4013 671 4104 Milchhofer
699 4013 776 4086 (Aru
807 4017 886 4072 Mitt.
915 4015 950 4085 V,
980 4015 1043 4083 167)
1077 4013 1219 4080 concedit,
1257 4011 1341 4068 aliter

169 4111 256 4178 atque
282 4107 314 4162 in
341 4106 476 4162 heroibus
503 4104 625 4159 aliarum
653 4103 804 4176 regionum
832 4105 863 4160 in
890 4105 937 4160 his
954 4103 1061 4160 Atticis
1089 4103 1192 4176 figuris
1219 4101 1341 4158 humani

169 4197 278 4268 aliquid
297 4202 326 4252 at
344 4195 453 4252 humile
474 4227 505 4236 —
526 4195 711 4266 genrehaftes
732 4225 764 4234 -
783 4196 887 4251 inesse.

275 4286 304 4358 2)
322 4287 404 4342 Η660
422 4284 519 4342 lexin
537 4283 624 4341 terris
638 4283 756 4340 Graccis
769 4284 829 4340 fixa
841 4290 892 4356 est,
911 4290 946 4340 ut
964 4282 1125 4356 peregrinis
1142 4283 1228 4338 modo
1247 4281 1340 4354 genti·

170 4374 272 4432 licium
291 4375 457 4447 adderetur;
477 4375 550 4431 duos
569 4373 671 4431 titulos
690 4374 768 4432 solos
787 4373 872 4444 (OIG.
892 4375 994 4431 24211)
1012 4379 1042 4431 61
1060 4371 1172 4445 243911)
1191 4371 1259 4430 huic
1275 4370 1341 4430 usui
