3072 4986
592 331 809 396 -25-

113 508 275 594 positum,
308 531 384 576 cum
407 510 494 602 nihil
517 510 559 576 de
594 510 666 576 vita
700 510 867 596 rebusque
904 511 960 576 vel
994 515 1104 575 aetate
1138 509 1284 576 hominis

113 625 240 691 mortui
264 625 418 692 addatur.

222 768 334 846 Quare
384 769 518 835 etiamsi
564 770 745 857 perbreves
791 770 885 835 tituli
930 770 989 834 isti
1040 770 1283 857 simplicissimi

112 883 307 970 videantur,
325 891 440 950 tamen
456 887 593 952 nomina
608 887 683 974 ipsa
699 886 804 972 digna
828 891 916 972 sunt,
942 909 1027 972 quae
1051 885 1187 952 uberius
1210 909 1284 972 per-

113 1007 309 1066 tractemus.
347 1003 433 1068 Nam
451 1009 485 1068 et
500 1003 763 1068 masculinorum
786 1009 821 1068 et
844 1003 1085 1068 femininorum
1108 1003 1286 1068 nominum

115 1116 243 1182 formae
257 1118 622 1205 extribuspartibns-
631 1119 768 1185 nomine
778 1119 922 1206 proprio,
936 1119 1042 1204 patris
1050 1118 1285 1205 nominagen-

117 1233 224 1300 tilicio
249 1239 309 1299 aut
332 1234 499 1301 demotioo
524 1272 569 1284 -ι
590 1242 783 1302 constantes
810 1248 880 1300 tam
903 1235 991 1300 fixae
1015 1242 1116 1320 atque
1139 1235 1286 1301 usitatae

117 1355 204 1434 sunt,
230 1356 270 1415 ut
293 1351 336 1416 ad
359 1353 512 1438 exempla
534 1352 624 1418 haud
648 1353 697 1417 ita
719 1353 826 1418 multa
860 1351 980 1417 referri
1002 1353 1144 1439 possint.
1191 1352 1288 1417 Talia

117 1467 281 1552 exempla,
307 1490 392 1553 quae
415 1467 523 1534 forma
546 1474 680 1534 tantum
697 1469 892 1534 alterutrius
915 1468 1023 1555 partis
1046 1469 1103 1534 vel
1117 1468 1287 1555 positione

119 1583 341 1668 singularium
364 1585 602 1650 vocabulorum
624 1587 823 1673 plerumque
859 1585 949 1652 inter
972 1607 1008 1650 se
1036 1584 1209 1670 differunt,
1246 1608 1288 1650 ex

122 1699 271 1766 omnibus
284 1679 403 1766 formis
419 1702 605 1787 nominum,
627 1725 712 1789 quae
728 1702 764 1767 in
780 1701 897 1768 Attica
913 1702 1047 1788 saepius
1062 1701 1287 1788 reperiuntur,

125 1815 209 1880 infra
223 1817 363 1902 contuli,
384 1817 534 1882 virorum
557 1819 713 1904 primum,
739 1817 863 1883 deinde
886 1817 1099 1903 feminarum,
1124 1819 1289 1884 aGraeca

123 1938 226 1998 aetate
251 1955 399 2018 exorsus,
423 1934 655 2000 Romanorum
682 1940 874 2020 temporum
909 1935 1091 2000 varietates
1126 1933 1288 2022 deinceps

120 2048 370 2116 subiuncturus.

532 2239 560 2304 1.
590 2237 709 2304 Cives
732 2236 878 2304 Attici.

226 2381 363 2448 Civium
386 2381 525 2448 nomina
547 2381 601 2446 his
624 2381 741 2447 formis
765 2382 865 2448 obvia
888 2388 981 2448 sunt:

225 2514 259 2599 a)
283 2515 371 2582 OIA.
395 2518 439 2602 H,
479 2517 565 2582 1754
595 2507 814 2602 Δεινοκράτης
844 2508 1081 2600 Δεινοκράτους
1104 2508 1287 2591 Alteram:

118 2633 228 2699 forma
251 2633 352 2718 longe
374 2633 607 2717 usitatissima,
638 2655 714 2699 cum
738 2632 944 2698 demoticnm
966 2635 1164 2720 plerumque
1191 2633 1288 2699 attri-

118 2748 238 2815 butive
261 2749 391 2816 nomini
413 2750 539 2816 mortui
561 2747 713 2814 addatur.

125 2969 129 2973 Ι
225 2883 260 2964 b)
286 2883 374 2950 OIA.
409 2885 454 2969 H,
501 2885 586 2950 1812
620 2872 770 2962 Ελῗμαχος
807 2872 1005 2962 Εὐθυμάχου
1037 2873 1287 2968 Ἀλωπεκῆθενε

119 3001 284 3066 nonnulla
307 3000 474 3066 demotica
496 2999 736 3066 adverbialiter
758 3005 920 3086 usurpata
943 2993 1032 3066 sunt.

227 3103 259 3217 c)
284 3134 372 3201 OIA.
388 3135 434 3218 Il,
452 3135 552 3200 2197:
575 3124 740 3219 Ἀρτέμιον
756 3126 947 3219 Δημητρίου
968 3128 1004 3195 ἐκ
1025 3127 1161 3220 Κοίληςε
1187 3157 1289 3220 gene·

119 3253 192 3318 tivo
215 3252 387 3338 pendente
411 3274 453 3316 ex
475 3251 727 3338 praepositione
751 3245 787 3324 ἐξ
807 3251 871 3315 hae
894 3251 1002 3316 tribus
1027 3256 1160 3316 tantum
1183 3251 1290 3336 signi·

119 3369 279 3434 ficantur:
304 3361 340 3428 ἐκ
363 3362 549 3452 Κεραμέων,
574 3362 610 3428 ἐκ
632 3363 760 3452 Κηδῶν,
786 3361 822 3427 ἐκ
845 3359 979 3452 Κοίλης,
1004 3362 1040 3428 ἐκ
1063 3363 1228 3445 Κολωνοῦ,
1253 3362 1289 3428 ἐκ

121 3461 370 3569 Μορρινοάττης
404 3483 550 3570 (saepius
580 3473 846 3567 Μυρρινούσιος),
882 3477 919 3557 ἕξ
944 3475 1036 3548 Οἴουε
1072 3483 1152 3548 talis
1176 3483 1288 3569 desig-

26 3667 30 3675 ,
121 3601 214 3666 natio
232 3600 375 3666 domiin
391 3600 585 3666 nominibus
606 3597 810 3664 feminarum
825 3600 979 3666 Romana
1002 3605 1113 3664 aetate
1128 3599 1287 3685 frequens

123 3726 187 3801 est3
213 3717 272 3783 cir.
297 3716 387 3782 intra
409 3739 442 3802 p.
467 3716 520 3781 32.

229 3850 399 3916 Totidem.
425 3849 552 3916 formae
586 3849 714 3915 similes
749 3849 916 3936 oriuntur,
953 3849 983 3915 si
1022 3871 1147 3915 nomen
1181 3849 1287 3936 patris

125 3968 306 4034 omittitur:
1391 4060 1394 4066 Ι

230 4099 265 4184 d)
290 4099 448 4185 01111,
479 4099 565 4166 1700
598 4087 773 4184 Ἀρχιάδης
813 4089 1016 4181 Ἁγνούσιος,
1063 4089 1290 4179 Πολεμόνικος

124 4207 313 4299 Ἀθμονεύς.
700 4273 702 4278 .

229 4353 262 4433 e)
284 4351 372 4420 OIA.
398 4351 443 4437 H,
469 4349 558 4416 2150
577 4339 742 4435 Ἱεροκλῆς
764 4347 973 4437 Κεφαλῆθεν.
