3062 4988
197 554 324 600 annum
339 531 538 598 innotuisse.
579 531 684 598 Ouius
707 531 808 597 simul
830 530 882 597 rei
905 552 1040 597 causam
1063 553 1136 597 eam
1160 553 1233 597 esse
1248 535 1363 597 osten·

196 648 263 733 dit,
298 649 485 736 complures
519 649 638 714 titulos
666 648 734 714 iam
768 654 868 715 antea
896 654 1008 732 notos,
1044 648 1103 733 qui
1138 647 1257 734 quinto
1291 669 1363 712 sae-

197 765 271 832 culo
294 765 361 831 orti
385 771 507 850 essent,
541 770 719 852 propterea
743 764 897 849 cognitos
931 786 1001 830 non
1025 786 1105 848 esse,
1142 763 1222 849 quia
1245 785 1363 829 secun·

196 881 278 947 dum
300 880 578 947 consuetudinem
594 880 763 967 privatam
785 902 854 945 non
878 903 1010 968 semper
1032 879 1248 966 alphabetum
1269 878 1363 946 ¹mere

196 997 351 1064 Atticum
374 996 585 1077 adhiberent,
621 996 682 1063 sed
708 996 834 1062 litteris
857 996 992 1081 Ionicis,
1022 1018 1108 1082 quae
1130 997 1235 1081 vulgo
1265 1017 1364 1081 quar-

195 1119 224 1180 ti
245 1112 381 1180 demum
402 1112 526 1179 saeculi
548 1111 705 1200 propriae
727 1112 947 1197 habebantur,
971 1111 1099 1178 exarati
1122 1119 1245 1178 essent.
1284 1112 1363 1200 Ipse

195 1229 339 1316 triginta
361 1234 492 1316 septem
520 1228 638 1294 titulos
672 1229 798 1314 partim
820 1228 968 1295 ineditos
992 1229 1189 1315 composuit,
1213 1251 1296 1315 quos
1319 1226 1361 1294 cb

196 1367 312 1412 causes
348 1343 583 1432 epigraphioes
619 1345 727 1432 spatio
754 1345 845 1410 inter
875 1345 964 1411 belle
986 1346 1167 1411 Persarum
1202 1350 1237 1410 et
1263 1345 1360 1410 Pelo·
1411 1361 1425 1377 ‘

194 1461 437 1549 pennesiacum
460 1460 657 1528 tribuendos
681 1483 754 1526 esse
778 1461 885 1527 duxit.
925 1461 1073 1539 Quorum
1097 1461 1139 1526 de
1162 1460 1269 1527 forma
1291 1483 1361 1526 ma-

161 1665 162 1670 *
194 1578 285 1644 xime
318 1577 492 1665 proprium
526 1577 568 1642 iis
597 1599 669 1642 esse
704 1577 752 1642 ait
786 1575 868 1660 „des
895 1575 1028 1642 Pohlen
1061 1575 1179 1662 foster,
1215 1599 1361 1644 conven-

194 1695 350 1760 tioneller
372 1689 552 1778 Formcn“,
589 1692 665 1778 „die
687 1691 959 1779 Regellosigheit
981 1692 1017 1757 in
1042 1692 1108 1758 den
1130 1693 1278 1758 Formen
1302 1692 1361 1758 der

193 1810 412 1876 Buohstaben
447 1809 517 1874 und
540 1809 578 1874 in
613 1809 673 1874 der
695 1804 885 1893 Fassung“,
921 1807 951 1872 si
983 1829 1059 1873 cum
1093 1807 1204 1873 titulis
1238 1809 1360 1894 prioris

194 1925 315 1992 aetatis
339 1931 585 2012 comparentur.
624 1926 742 2011 Neque
762 1925 870 1991 multo
892 1931 970 2011 post
985 1923 1174 2009 Kirchhoff,
1200 1947 1277 1990 cum
1299 1925 1361 1991 hos

193 2041 311 2108 titulos
332 2047 520 2129 repeteret
553 2041 591 2108 in
623 2041 712 2108 OIA.
729 2043 787 2126 IV,
806 2043 837 2126 2,
853 2036 1000 2126 4911··3⁵,
1033 2040 1161 2106 ibidem
1192 2064 1225 2128 p.
1260 2039 1361 2125 117!ss

184 2157 235 2224 'de
258 2179 384 2244 genere
407 2180 446 2224 ac
469 2157 580 2224 forma
601 2158 762 2242 omnium,
787 2163 969 2243 quactum
993 2163 1098 2242 erent,
1135 2158 1360 2244 quadraginta

192 2280 351 2360 quattuor
373 2275 429 2341 vel
452 2273 602 2360 quinque
635 2274 812 2339 titulorum
835 2274 1073 2360 sepulcralium
1096 2274 1223 2340 saeculi
1246 2274 1359 2360 quinti

192 2390 353 2457 disseruit
376 2399 476 2476 atquc
499 2390 537 2456 in
559 2389 669 2456 titulis
693 2390 949 2476 peregrinorum
971 2389 1118 2456 Athenis
1146 2397 1359 2486 constantem

192 2506 361 2594 quendam
384 2529 484 2572 usum
506 2506 601 2572 nasci
624 2506 784 2594 coepisse,
819 2506 946 2573 civium
969 2513 1081 2572 eutem
1110 2506 1169 2593 qui
1192 2505 1358 2572 demotico

192 2623 428 2709 significentur
451 2622 588 2688 omnino
612 2623 696 2688 duos
719 2628 853 2688 tantum
880 2623 999 2689 titulos
1023 2623 1174 2689 eiusdem
1196 2621 1358 2710 temporis

192 2762 265 2805 esse
300 2737 463 2806 ostendit.
510 2738 578 2804 Sed
613 2738 702 2824 quod
730 2739 887 2824 promisit
917 2739 998 2824 fore,
1033 2746 1071 2806 ut
1094 2740 1257 2806 nonnulla
1293 2739 1359 2804 alia

193 2853 367 2942 epitaphia
382 2836 536 2920 Euclidie
560 2877 649 2920 anno
666 2855 837 2941 superiora
861 2877 937 2920 cum
953 2855 1230 2941 inscriptionibus
1248 2854 1360 2942 quarti

192 2977 227 3036 ct
261 2971 473 3056 sequentium
508 2970 716 3035 saeculorum
744 2971 940 3056 ederentur,
974 2994 1091 3057 nuper,
1118 2995 1194 3038 cum
1218 2994 1246 3037 e.
1273 2973 1360 3038 1888

193 3086 283 3153 ΟΙΑ.
299 3087 383 3172 Π,3
411 3086 539 3172 publici
573 3085 656 3152 iuris
688 3086 815 3152 factum
850 3093 953 3172 esset,
988 3095 1160 3174 peractum
1195 3094 1262 3173 est,
1297 3110 1361 3153 nec

192 3203 306 3268 minus
331 3225 431 3288 quam
454 3202 600 3287 triginta
622 3225 778 3269 numeros
795 3204 832 3270 in
847 3203 911 3270 hoc
933 3205 1105 3271 volumine
1126 3203 1252 3289 inveni,
1277 3225 1360 3290 quos

192 3318 345 3384 Kochler
367 3319 477 3403 magis
500 3319 656 3385 minusve
680 3319 890 3386 confidenter
913 3328 1032 3406 quarto
1056 3321 1188 3386 saeculo
1212 3319 1359 3406 antiqui-

192 3456 266 3500 ores
290 3456 363 3500 esse
386 3429 525 3518 duxit.²)
570 3434 750 3502 Accedunt
785 3437 971 3523 complures
994 3435 1124 3522 lapides
1153 3459 1229 3502 cum
1252 3435 1360 3522 epita·
1419 3439 1423 3447 '

193 3544 322 3636 phiis,²)
347 3572 429 3636 quos
449 3551 628 3618 Briickner
651 3574 671 3618 a
691 3551 798 3618 forma
817 3531 986 3618 tectonica
1009 3575 1110 3639 quam
1132 3575 1223 3618 nunc
1244 3551 1362 3618 dicunt

300 3841 325 3910 1)
345 3840 418 3897 GIA.
433 3842 472 3913 H,
491 3844 569 3898 2112.
589 3844 669 3899 2341.
693 3844 770 3898 2636.
794 3843 873 3899 2687.
891 3843 970 3898 2742.
990 3845 1068 3898 2982.
1088 3844 1166 3898 3016.
1185 3842 1263 3896 3060.
1282 3839 1361 3895 3071.

193 3931 272 3986 3184.
291 3931 370 3986 3187,
390 3932 468 3986 3208.
488 3933 567 3988 3237.
586 3935 664 3988 3370.
683 3934 762 3988 3503.
781 3933 859 3987 3538.
879 3933 958 3989 3590.
983 3934 1062 3988 3662.
1086 3933 1164 3987 3713.
1185 3930 1263 3984 3753.
1282 3931 1361 3985 3790.

193 4020 271 4075 3820.
299 4022 378 4076 3907.
407 4022 485 4076 3927.
514 4023 592 4078 3961.
620 4023 698 4078 4043.
727 4023 804 4078 4082.
833 4024 911 4078 4093.
939 4023 1018 4078 4178.
1046 4023 1116 4076 4275
1144 4021 1182 4090 (n.
1201 4020 1273 4075 3790
1291 4019 1362 4074 satis

194 4109 335 4178 incertell.

299 4201 327 4270 2)
346 4200 419 4256 ΟΙΑ.
430 4201 469 4270 Π,
479 4200 555 4255 2646
568 4225 604 4246 =
616 4201 700 4256 Kaib.
713 4203 748 4257 25
766 4203 925 4271 (Brtickner
942 4199 1094 4270 „Orncmst‘
1107 4219 1134 4272 p.
1148 4200 1183 4254 36
1196 4217 1237 4272 sq.
1251 4202 1285 4255 62
1298 4199 1361 4272 sq.).

194 4286 267 4342 2867
279 4313 315 4333 =
327 4290 413 4344 Kaib.
426 4291 462 4345 54
475 4290 603 4361 (Wiener
614 4293 740 4362 Sitzpber.
751 4293 807 4348 vol.
820 4291 870 4347 116
885 4311 911 4363 p.
922 4291 982 4346 525.
1018 4290 1230 4361 Furtwtngler,
1247 4291 1363 4347 Samml.

194 4378 382 4450 Sabarpraef.
393 4380 474 4450 p.41,
486 4380 537 4449 12).
566 4379 642 4436 3388
657 4380 882 4453 (otaampe‘t,
896 4382 918 4436 l.
932 4381 975 4437 48.
987 4382 1029 4436 69.
1061 4379 1351 4451 Bottiaeam).
