3072 4986
695 334 892 400 ,2-

211 513 371 599 colligere
405 535 595 602 pessumus.
641 513 851 580 Exornatum
886 514 990 581 fuisse
1025 523 1283 582 monumentum
1310 541 1380 585 non

210 630 360 716 invenio,
398 637 634 717 praeterquam
668 631 758 716 quod
782 627 801 692 λ
825 632 866 696 77
891 638 925 696 et
951 653 975 710 μ
1002 633 1042 697 15
1076 655 1207 698 remum
1241 635 1380 722 insuper

209 749 409 814 collocatum
433 770 505 812 esse
528 747 684 833 legimus,
703 770 768 834 quo
793 747 965 818 hominem
981 748 1029 813 ibi
1053 749 1223 834 sepultum
1240 759 1378 818 nautam

207 863 311 930 fuisse
366 864 590 949 significetur.
652 865 863 950 Quamquam
902 863 1038 950 quidem
1090 866 1173 931 talia
1225 869 1379 954 sepulcra

209 987 380 1046 exstructa
403 1003 475 1046 esse
499 987 764 1046 consentaneum
789 987 850 1065 est,
874 981 1027 1065 utsigna
1043 988 1157 1047 essent
1169 989 1378 1050 mortuorum

209 1120 390 1183 eorumque
414 1098 558 1182 gloriam
580 1098 636 1163 vel
664 1097 890 1163 calamitatem
924 1099 1069 1184 posteris
1104 1096 1378 1182 renuntiarent‚¹)

209 1219 425 1279 tamencum
454 1213 562 1298 signis
592 1213 802 1298 singulorum
827 1213 926 1279 modo
960 1213 1135 1280 hominum
1158 1215 1295 1280 nomina
1318 1215 1377 1281 diu

207 1330 245 1395 in
265 1330 427 1396 memoria
443 1330 652 1417 posteritatis
677 1331 858 1397 coniuncta
881 1330 1073 1415 manebant,
1102 1338 1141 1396 ut
1156 1319 1242 1392 ''llov
1259 1327 1376 1416 quffl)

207 1447 245 1512 in
268 1469 385 1534 campo
409 1446 570 1530 Troian03
595 1469 695 1532 saepe
718 1453 832 1512 autem
855 1445 946 1512 fama
968 1447 1011 1512 ad
1041 1447 1206 1513 eiusmodi
1228 1448 1375 1513 tumulos

208 1587 249 1628 ex
271 1551 392 1650 priscis
416 1563 624 1650 temporibus
649 1563 686 1628 in
715 1584 832 1650 campo
856 1557 1031 1644 Troiano³l
1069 1564 1284 1650 potissimum
1308 1587 1376 1630 ser-

207 1686 303 1746 vatos
328 1679 479 1763 accessit,
504 1701 579 1744 cum
603 1680 640 1744 in
664 1701 702 1744 eo
727 1685 819 1745 statu
842 1679 953 1745 cultus
987 1679 1165 1765 victusque
1200 1657 1376 1746 hominum

207 1797 346 1862 nomina
369 1796 405 1862 in
428 1795 597 1882 lapidibus
609 1795 750 1861 inscribi
762 1795 913 1862 nondum
924 1795 1075 1883 potuisse
1087 1797 1301 1884 perspicuum
1318 1797 1373 1862 sit.

315 1912 382 1978 Sed
405 1912 584 1998 paullatim
609 1935 685 1977 cum
707 1911 838 1978 litteras
862 1911 1063 1976 didicissent
1078 1913 1210 1995 Graeci,
1231 1912 1288 1978 ille
1304 1935 1376 1978 mos

207 2029 346 2095 nomina
369 2028 577 2094 inscribendi
600 2028 794 2114 increbruit,
824 2051 889 2115 quo
913 2051 1001 2095 nova
1023 2051 1077 2094 res
1101 2029 1242 2095 accessit
1265 2030 1375 2116 sepul-

209 2168 340 2211 crorum
377 2145 520 2232 propria,
558 2145 783 2232 epitaphium:
825 2169 863 2210 ac
902 2147 970 2212 iam
1009 2146 1099 2212 inter
1136 2145 1376 2232 inscriptiones

209 2262 355 2327 Graecas
388 2261 643 2347 antiquissimae
679 2261 800 2326 aetatis
838 2262 1024 2347 permultos
1060 2262 1226 2329 eiusmodi
1260 2262 1378 2328 titulos

209 2378 410 2464 sepulcrales
434 2378 640 2443 invenimus.
688 2377 816 2454 Quodsi
832 2377 915 2442 haec
938 2378 1112 2462 epitaphia
1141 2379 1379 2464 antiquissima

211 2495 489 2580 contemplamur,
518 2516 594 2559 ecce
634 2493 751 2559 eadem
785 2493 859 2579 ipsa
893 2492 959 2558 tria
992 2493 1096 2558 verba
1131 2493 1313 2558 Homerica
1336 2492 1377 2538 ὲ

210 2609 310 2696 σῆμα,
334 2601 446 2696 στήλη,
470 2602 593 2690 τύμβος
617 2621 658 2656 ’-
682 2609 807 2675 usitata
820 2609 1023 2693 invenimus,
1041 2609 1163 2694 quibus
1188 2607 1378 2693 sepulcrum

212 2729 350 2813 eiusque
385 2733 498 2813 partes
534 2727 779 2811 describuntur,
818 2731 919 2811 atque
955 2725 991 2790 id
1027 2725 1164 2810 quidem
1196 2723 1233 2787 in
1268 2721 1378 2787 titulis

212 2843 409 2929 Corcyraeis
432 2842 583 2908 metricis
608 2843 752 2929 septimo
776 2841 847 2907 iere
871 2842 1002 2906 saeculo
1026 2863 1054 2905 a.
1074 2840 1150 2905 Ohr.
1175 2862 1209 2904 n.
1233 2838 1377 2904 dialecto

211 2960 336 3026 Dorica
360 2960 545 3047 conceptis:
570 2959 672 3024 Kaib.
697 2958 804 3044 epigr.
831 2957 951 3024 Graec.
978 2957 1042 3022 180
1056 2987 1094 3008 =
1109 2955 1203 3022 Ion.
1228 2955 1307 3020 343:

521 3075 616 3155 Σᾶμο
639 3066 715 3136 τόδε
735 3064 906 3158 Ἆρνιάδο·
932 3095 959 3140 e.
985 3097 1016 3159 q.
1042 3095 1068 3138 s.

318 3219 420 3287 Kaib.
447 3219 508 3284 181
535 3218 693 3284 =1oA.
719 3219 799 3284 340:

349 3346 459 3415 Σιοίλοι
483 3345 663 3437 Ξειῐάρεος
685 3351 744 3415 τοῦ
768 3344 909 3426 Μὲίξιος
932 3342 995 3431 εἴμ’
1021 3345 1081 3412 ἐπὶ
1104 3340 1220 3430 adponi.

316 3506 420 3573 Kaib.
445 3506 534 3572 181a
556 3505 644 3572 Add.
671 3535 711 3598 =¹
735 3504 828 3572 IGA.
847 3504 926 3570 344:

257 3630 338 3722 Ecp'
362 3631 546 3722 ἜχειῙίμοο
568 3631 692 3724 ματρὸς
715 3631 778 3720 ἐγώ
802 3632 910 3699 ἕστακ’
937 3631 996 3699 ἐπὶ
1019 3628 1124 3718 calpon

256 3750 483 3832 Hovtvvofag·
508 3749 665 3839 σ[σοναχᾶ
689 3745 797 3816 d'oioic
820 3747 1049 3837 κασολείΙπειο
1072 3744 1223 3837 μαιρ[ο’ς,

211 3939 423 3948 *αι-..-

319 4017 347 4084 1)
366 4016 425 4072 Ofr.
444 4016 533 4072 verba
551 4012 673 4070 Homeri
692 4020 723 4066 H
732 4015 767 4068 86
780 4031 841 4086 sqq.
861 4018 890 4069 et
908 4015 923 4065 1
941 4013 988 4067 76:

443 4097 544 4176 ἀνδρὸς
563 4097 709 4171 δυστήνοιο
727 4107 775 4156 καὶ
794 4105 971 4174 ἐσσομένοισι
990 4103 1141 4154 πυθέσθαι.

318 4196 346 4268 2)
366 4201 395 4248 Κ
409 4196 471 4251 415.
508 4197 539 4247 A
558 4195 616 4250 166.
636 4195 697 4249 372.
733 4196 761 4244 Ω
778 4193 839 4248 349.

317 4285 344 4357 3)
362 4285 597 4355 Forchhammer‚
620 4285 682 4354 „aa
702 4284 794 4341 Ebenc
810 4301 862 4339 oon
886 4280 988 4354 Trojc“
1015 4299 1042 4352 p.
1061 4280 1105 4350 20,
1124 4278 1176 4334 cfr.
1195 4279 1221 4334 B
1237 4274 1380 4333 811-814

211 4375 286 4452 σῆμα
306 4380 440 4448 Μυρίνης.
