3072 4986
702 331 899 393 ..6.-

215 505 361 591 singulis
374 506 579 572 Aristoclem
591 505 695 590 (oIA.
707 508 735 592 Ι,
748 507 837 591 464),
854 507 1033 573 Endoeum
1050 506 1164 588 (Kaib.
1181 509 1221 573 13
1239 538 1277 559 =
1297 504 1386 573 cla.

214 623 242 706 Ι,
259 620 350 707 477),
378 623 636 709 Epistemonem
665 621 815 706 (Kaib.8
838 654 877 676 =
900 623 989 689 OIA.
1006 624 1033 707 Ι,
1048 621 1142 709 471),
1176 623 1388 690 Gallonidem

216 735 317 819 (ΟΙΑ.
335 739 362 823 Ι,
379 738 475 824 483),
500 739 724 805 Phaedimum
747 740 785 804 in
807 739 881 806 basi
905 746 1036 806 statuae
1060 740 1257 827 sepulcralis
1279 762 1390 827 nuper

216 862 351 943 reperta
385 855 430 939 (v.
456 854 545 922 Berl.
564 856 646 940 phil.
678 855 897 922 Woohenscbr.
924 857 1010 922 1890
1032 879 1065 942 p.
1092 854 1179 941 138),
1214 862 1390 944 praeterea

215 972 371 1058 ignotum
396 971 564 1058 quendam
586 973 780 1038 invenimus
808 970 924 1056 (Kaib.
953 975 992 1038 17
1019 1004 1057 1025 =
1084 972 1173 1038 oIA.
1196 973 1223 1057 Ι,
1244 973 1311 1038 482
1346 973 1390 1038 de

215 1087 353 1154 nomine
376 1087 511 1154 litterae
535 1089 601 1150 HE
621 1095 754 1154 tantum
778 1090 1049 1175 cognoscuntur).
1095 1089 1225 1167 Quibus
1249 1111 1291 1154 ex
1310 1089 1389 1154 reli-

216 1204 306 1290 quiis
327 1211 361 1270 et
377 1204 578 1289 fragmentis
601 1212 899 1273 monumentorum
922 1228 984 1292 per
1006 1227 1042 1270 se
1059 1205 1143 1292 ipsis
1160 1205 1304 1290 exiguis,
1328 1205 1390 1270 sed

217 1325 355 1408 propter
363 1321 603 1407 antiquitatem
617 1321 838 1408 gravissimis,
850 1321 932 1407 quid
942 1321 1072 1387 discere
1082 1321 1250 1408 possimus
1263 1321 1305 1386 de
1317 1327 1391 1387 arta

215 1443 331 1503 vetere
354 1437 392 1503 in
406 1437 523 1504 Attica
539 1437 732 1519 exercitata,
756 1433 980 1519 Loesohokc¹)
1004 1444 1039 1503 et
1053 1431 1283 1519 Milchhefer2)
1308 1437 1391 1502 satis

216 1559 371 1619 accurate
386 1553 648 1640 inquisiverunt.
685 1555 739 1619 Ex
754 1553 927 1620 statuariis
943 1554 1011 1619 illis
1024 1553 1155 1620 Aristio
1171 1553 1311 1619 titulum
1326 1553 1393 1619 hao

216 1668 325 1736 forma
340 1670 526 1735 inscribere
542 1671 685 1736 solebat:
705 1659 891 1754 Ἀριστίων
905 1661 1034 1754 Ποέριός
1049 1659 1081 1749 μ’
1097 1663 1280 1756 ἐπο(ι)ηοεν
1296 1681 1391 1756 (gen-

216 1777 497 1870 tiliciumllciqtog
506 1808 761 1872 nonnumquam
772 1787 962 1871 omittitur),
970 1785 1130 1852 Endceus
1142 1807 1274 1872 quoque
1286 1786 1391 1872 scrip-

217 1899 262 1966 sit
275 1894 439 1986 ἐποίησεν,
457 1902 586 1968 cumin
603 1902 733 1968 duobus
749 1902 825 1968 aliis
841 1902 1012 1989 lapidibus
1030 1901 1268 1989 imperfectum
1280 1895 1392 1964 ἐποίει

217 2017 449 2101 adhiberetur3
473 2017 511 2084 in
536 2019 622 2084 stela
641 2018 826 2084 Aristionis
847 2018 993 2103 legimus
1020 2009 1112 2102 ἔργον
1133 2007 1391 2102 Ἀριστοκλέους.

323 2133 375 2200 Ao
385 2134 440 2200 vel
451 2157 492 2200 ex
501 2134 554 2199 his
564 2135 673 2200 titulis
684 2142 833 2222 apparet,
845 2141 1065 2200 monumenta
1075 2135 1134 2200 illa
1143 2135 1281 2201 insolita
1291 2141 1393 2220 atque

216 2249 382 2316 inusitata
406 2273 444 2316 eo
468 2258 620 2338 tempore
644 2250 758 2335 fuisse,
783 2257 823 2316 ut
844 2257 936 2317 recte
956 2249 1160 2316 Milohhofer
1184 2251 1226 2316 de
1249 2251 1392 2338 inscrip-

216 2366 368 2434 tionibus
384 2367 534 2433 metriois
550 2370 588 2433 in
604 2366 722 2433 Attica
737 2367 881 2454 repertis
898 2367 1143 2433 animadvertit
1159 2369 1194 2450 (1.
1210 2369 1233 2433 1.
1250 2390 1283 2454 p.
1302 2368 1391 2452 170),

221 2505 277 2550 eas
300 2506 435 2571 semper
465 2482 507 2550 ob
531 2506 647 2549 causas
670 2484 861 2570 singulares
896 2490 930 2549 et
953 2483 1188 2550 memorabiles
1213 2490 1394 2571 conceptas

221 2623 307 2666 esse:
332 2599 563 2687 &equentiora
584 2606 658 2665 tum
674 2622 797 2686 magna
812 2600 872 2666 illa
887 2599 1093 2666 familiarum
1110 2601 1263 2689 sepulcra
1285 2600 1392 2666 fuisse
1422 2613 1423 2617 ’

220 2717 388 2803 opinatur,
413 2716 609 2782 nominibus
633 2717 793 2801 carentia,
830 2717 943 2803 qualia
965 2718 1002 2782 in
1025 2718 1100 2805 ipsa
1122 2718 1240 2784 Attica
1275 2723 1392 2805 (prope

218 2834 309 2900 locos
350 2829 494 2922 „Spata“
536 2830 708 2918 „Menidi“
750 2829 1015 2918 „Velanideza“)
1063 2857 1104 2899 ex
1139 2840 1250 2900 aetate
1284 2834 1392 2899 multo

221 2950 334 3038 priore
358 2956 492 3015 servata
527 2948 731 3017 invenimus.
777 2951 866 3016 Nam
890 2950 918 3016 si
943 2973 984 3015 ex
1012 2950 1267 3036 epigrammatis
1291 2973 1391 3037 quae·

220 3067 337 3152 rimus,
363 3065 422 3152 qui
445 3066 581 3153 sepulti,
617 3066 676 3152 qui
699 3066 898 3153 superstites
922 3066 1002 3151 sint,
1037 3067 1237 3154 plerumque
1260 3073 1393 3154 patrem

218 3182 290 3249 filio
325 3183 516 3270 sepulcrum
551 3182 744 3248 condidisse
779 3181 944 3268 videmus,
979 3182 1032 3248 bis
1057 3184 1219 3270 coniuges
1242 3183 1333 3250 inter
1357 3205 1393 3249 se

220 3299 331 3380 (Kaib.
359 3301 409 3365 10.
437 3300 500 3384 13),
541 3298 594 3364 bis
630 3299 771 3365 fratrem
804 3299 903 3364 fratri
939 3298 1052 3380 (Kaib.
1081 3301 1142 3365 12?
1178 3300 1265 3366 ΟΙΑ.
1282 3301 1342 3384 IV,
1363 3301 1391 3384 1,

222 3416 288 3482 477
302 3416 347 3501 d),
381 3438 566 3502 numquam
590 3422 712 3501 autem,
749 3415 786 3481 id
809 3415 901 3502 quod
926 3422 1049 3481 natura
1083 3416 1281 3516 saepissime
1315 3415 1393 3501 sert,

221 3538 379 3620 parentes
404 3556 424 3598 a
446 3533 563 3600 liberis
588 3533 698 3599 condi.
746 3533 899 3619 Cumque
923 3533 1027 3598 etiam
1050 3532 1088 3598 in
1110 3533 1186 3599 aliis
1211 3533 1394 3620 epitaphiis

220 3649 380 3735 metricis,
406 3672 490 3736 quae
515 3650 652 3736 quidem
670 3648 733 3716 hac
750 3649 792 3714 de
807 3672 844 3715 re
859 3648 964 3716 verba
979 3647 1117 3735 faciant,
1141 3650 1225 3715 item
1240 3650 1390 3737 plerum-

221 3788 286 3852 que
308 3772 467 3852 parentes
483 3766 599 3832 liberis
614 3766 757 3832 mortuis
774 3765 985 3854 epitaphium
1006 3766 1160 3853 posuisse
1176 3760 1391 3852 videamus),

327 4014 352 4082 1)
373 4016 439 4071 Ait.
462 4016 541 4072 Mitt.
559 4014 603 4070 IV
621 4014 714 4086 (1879)
734 4015 788 4070 294
806 4033 876 4086 sqq,
895 4013 1038 4087 imprimis
1056 4013 1109 4068 302
1130 4030 1192 4085 sqq.

325 4103 354 4174 2)
373 4106 439 4161 Ata.
461 4106 540 4162 Mitt.
559 4105 586 4160 V
603 4104 699 4175 (1880)
719 4105 772 4159 170
790 4122 851 4176 sqq.
1267 4163 1270 4170 .

324 4194 353 4263 3)
373 4193 431 4249 afr.
450 4193 535 4248 Knib.
552 4195 603 4249 179
622 4193 782 4266 (Corcyra),
796 4195 850 4249 484
867 4192 961 4266 (pater
978 4192 1046 4248 filiis
1066 4193 1186 4263 duobus,
1206 4198 1239 4247 ut
1257 4191 1392 4262 videtur),

218 4286 272 4341 486
291 4284 334 4353 (ut
343 4282 388 4338 tit.
402 4283 533 4355 superior
544 4301 581 4339 ex
593 4283 734 4351 Boeotia),
746 4283 800 4338 495
812 4281 978 4355 (Erythris),
998 4283 1019 4338 J
1020 4282 1082 4337 GA.
1095 4281 1148 4337 325
1167 4282 1213 4352 (ex
1228 4281 1394 4339 Thessalia:

221 4380 314 4432 mater
332 4372 413 4444 filio).
449 4373 490 4430 At
508 4373 594 4430 Kaib.
615 4374 690 4430 lura
708 4373 792 4430 aliter
810 4390 856 4429 res
875 4377 1043 4444 comparata
1061 4376 1114 4428 est.
