3072 4986
603 363 822 432 ..31-

236 544 270 632 q)
308 545 395 612 2133
435 537 585 631 Μυρρίνη
632 535 804 628 Θεοδώρου
845 537 882 606 ἐκ
920 535 1096 627 Κεραμέων
1137 532 1295 628 θυγάτηρ,

120 653 335 744 Πολυκρίτου
378 655 415 722 ἐκ
452 654 628 744 Κεραμέων
672 651 750 746 γυνη
757 683 764 744 ;
813 681 1068 746 nonnumquam
1118 659 1221 724 eliam
1262 681 1296 725 v.

119 768 277 863 θυγάτηρ
320 778 376 843 vel
424 778 624 844 alterutrum
672 776 878 842 demotioum
917 776 1100 860 omimium,
1143 781 1183 841 ul
1220 772 1295 840 Ath.

120 891 218 960 Mill.
242 894 325 978 XII,
350 894 461 964 28811.
479 895 576 959 211ε
597 885 799 979 Κτησικλεία
816 883 1075 978 Ναυσικράτο(υ)
1098 887 1298 976 Κεφαλῆθεν

122 1000 287 1095 θυγάτηρ,
336 1000 545 1095 Πυθοδώρου
596 1000 688 1096 γυνη,
726 1016 902 1096 praeterea
950 1009 1083 1095 saepius
1122 1007 1298 1075 invenitur

124 1124 286 1194 formula:

233 1257 262 1342 r)
286 1260 373 1325 2082
397 1251 534 1343 Χαριτώ
558 1242 740 1344 Διογνήτου
766 1253 934 1343 Θοραιέως
956 1248 1115 1343 θυγάτηρ,
1144 1228 1233 1343 γυνὴ
1262 1251 1298 1319 δέ

125 1368 290 1460 Φαιδρίου
323 1377 380 1444 vel
414 1377 502 1442 2388
536 1365 688 1460 Ε’δττορία
721 1365 882 1460 [Εὗ]βίου,
912 1367 1001 1460 γυνη
1030 1370 1070 1436 δέ
1094 1364 1296 1459 Εὗμαρείδου

123 1486 163 1566 ἐξ
188 1483 277 1558 Οἴου.

234 1645 309 1710 Non
333 1644 493 1730 congruit
516 1667 593 1710 oum
615 1644 680 1711 hoe
702 1667 765 1710 usu
788 1667 913 1710 nomen
945 1643 1059 1711 mariti
1087 1649 1167 1710 anie
1189 1643 1297 1732 patris

127 1781 253 1825 nomen
272 1761 435 1848 positum:

235 1890 263 1977 s)
289 1893 374 1960 1877
419 1886 564 1978 Χρυσίου
605 1885 878 1980 Ὀλυμπιοδώρου
918 1885 1158 1979 Ἀναφλυστίου
1205 1885 1296 1980 γυνή,

123 1998 327 2094 Ὑπεράντου
353 1999 533 2094 Ἀχαρνέως
566 2002 715 2096 θυγάτηρ
750 2011 901 2097 idemque
938 2012 1033 2096 1863,
1062 2012 1160 2096 2144,
1199 2010 1298 2096 2193,

122 2148 266 2212 quorum
284 2127 321 2191 in
345 2127 450 2192 altero
474 2133 509 2192 el
532 2127 634 2192 terlio
657 2127 758 2193 titulo
781 2134 859 2214 post
883 2127 1088 2193 demolieum
1110 2127 1225 2192 mariti
1248 2121 1297 2207 (ἐκ

119 2236 303 2326 Κεραμέων
327 2249 361 2308 εί
377 2235 591 2326 Κοθωκίδου)
615 2243 652 2310 in
669 2243 757 2309 om.
774 2266 806 2310 v.
825 2234 903 2329 γυνή
918 2243 1070 2330 suppleri
1088 2243 1207 2310 debuit
1222 2242 1297 2327 (eir.

118 2359 277 2425 Kuman.
300 2382 334 2425 n.
359 2360 447 2444 611),
473 2379 549 2424 σου]
573 2367 663 2426 eerio
687 2360 840 2446 exemplo
864 2359 1073 2446 comprobari
1094 2381 1194 2446 posse
1227 2381 1296 2426 non

118 2482 251 2562 pulsem,
275 2497 394 2541 vooem
417 2466 495 2561 γυνή
517 2477 554 2541 in
578 2475 744 2541 eiusmodi
767 2475 877 2541 titulis
901 2475 965 2542 hoo
988 2499 1090 2542 sensu
1113 2475 1234 2542 omitti.

230 2619 348 2685 Paullo
368 2618 579 2685 verbosiores
601 2619 758 2685 nonnulli
772 2619 866 2684 tituli
881 2619 1054 2684 Romanae
1070 2619 1191 2686 aetatis
1207 2625 1295 2704 sunl,

124 2731 214 2800 OIA.
231 2733 295 2818 ΙΙΙ,
322 2734 408 2800 1554
435 2728 604 2820 Πομπηΐα
628 2726 745 2808 Είσιδς
768 2736 800 2796 Γ
798 2727 872 2795 α’ίου
896 2729 1080 2821 Πομπηΐου
1103 2725 1252 2820 θυγάτηρ
1275 2723 1296 2820 η

122 2842 193 2910 καί
215 2843 256 2923 ἐξ
274 2839 543 2929 Ἁλιμουσίων,
568 2843 744 2911 Διονυσίου
767 2849 826 2912 τοῦ
849 2844 1023 2932 Διογένους
1046 2844 1082 2925 ἐξ
1111 2842 1191 2914 Οἴου
1219 2842 1297 2936 γυνή

123 2970 160 3030 el
182 2965 245 3050 ΙΠ,
273 2967 358 3032 1906
382 2963 507 3027 Πῶλλα
532 2959 667 3028 Μαικία
690 2959 845 3051 Λαοδίκη
869 2955 889 3051 ἡ
913 2960 979 3028 καὶ
1007 2960 1048 3040 ἐξ
1072 2958 1177 3045 Οἴου,
1206 2968 1296 3028 Λευ-

124 3073 198 3143 κίου
221 3075 257 3156 ἐξ
283 3073 363 3145 Ολόυ
387 3074 474 3168 γυνη.

233 3243 494 3329 Nonnumquam
539 3251 635 3327 patre
680 3244 804 3311 omisso
854 3265 979 3310 nomen
1025 3243 1140 3310 manili
1188 3244 1297 3311 solum

120 3358 280 3426 affertur:

233 3492 260 3573 t)
283 3493 329 3579 Π,
354 3494 439 3560 1769
471 3489 624 3556 Μέλιττα
652 3486 843 3580 Θεοφάντου
865 3487 1043 3569 Αἰξωνέως
1071 3484 1157 3577 γυνη’,
1189 3494 1298 3560 rarius

233 3628 268 3708 u)
292 3629 379 3694 2319
400 3617 628 3714 Ἀριστόκλεια
651 3621 727 3716 γυνη
748 3618 969 3714 Ἀρξιφῶντυς
993 3619 1224 3713 Μαραθωνίου

125 3761 185 3830 vel
209 3762 297 3827 2638
320 3755 452 3848 Μελίτη
476 3754 751 3848 Σπουδοκράτους
773 3755 849 3850 γυνὴ
876 3756 1017 3836 Φλυέως.

235 3914 445 4001 Quamquam
469 3915 692 3982 Kumanudes
716 3905 814 3995 (Ἀττ.
831 3909 939 3998 ἑπιγρ.
957 3909 1046 3976 ἑπιτ.
1072 3914 1115 3980 ad
1129 3939 1163 3980 u.
1182 3905 1298 3995 340ss')

126 4029 165 4096 in
187 4028 305 4096 formis
329 4029 355 4114 i)
379 4037 413 4097 et
435 4032 460 4110 1)
482 4054 552 4097 non
567 4033 675 4097 solum
690 4055 808 4097 vocem
831 4023 980 4117 θυγάτηρ
1004 4031 1063 4097 sed
1080 4053 1179 4117 saepe
1195 4031 1299 4096 etiam

126 4137 206 4230 γυνή
244 4147 465 4235 supplendam
509 4170 581 4213 esse
623 4154 737 4234 putat,
777 4147 935 4234 equidem
979 4148 1091 4213 virum
1130 4147 1168 4211 in
1210 4147 1299 4212 eiua·

127 4262 223 4329 modi
246 4263 357 4330 titulis
381 4265 543 4350 genetivo
570 4287 649 4330 oasu
669 4272 841 4331 exaratum
864 4287 1049 4350 numquam
1065 4263 1224 4329 maritum
1240 4263 1299 4328 ha·

125 4377 275 4446 bendum
300 4401 372 4445 esse
396 4380 562 4464 exisuimo,
586 4381 654 4446 nisi
674 4402 758 4449 vooe
781 4370 859 4465 γυνή
878 4380 954 4467 ipsa
982 4379 1146 4467 apposita.
1183 4379 1295 4459 Quare
