3072 4986
637 332 856 398 -43..

159 511 365 598 taphiorum,
390 533 475 597 quae
498 511 666 596 novimus,
690 510 846 578 versibus
870 516 1031 598 concepta
1054 517 1134 592 erat,
1159 510 1336 575 titulorum

158 628 348 694 solutorum
361 650 520 694 numerus
544 634 671 713 auctus,
696 629 914 694 metricorum
937 627 1136 692 imminutus
1160 633 1220 711 est,
1246 627 1336 692 inter

157 749 213 810 tot
247 744 343 810 milia
378 743 629 831 epitaphiorum
663 744 700 809 in
736 743 824 810 OIA.
865 743 911 828 II,
947 745 1026 809 3et
1049 744 1113 829 111,
1139 743 1336 808 20111111-

160 860 345 948 quentibus
381 861 522 927 saeculis
558 861 775 927 collectorum
824 861 935 947 paullo
982 859 1126 947 amplius
1164 855 1336 942 ducentall

162 977 396 1062 inveniuntur,
422 1000 508 1064 quae
531 977 685 1043 versibus
701 977 887 1064 composita
904 983 993 1044 sunt.
1029 976 1080 1042 Ac
1097 977 1126 1042 si
1143 977 1218 1062 quis
1235 975 1335 1060 dicat,

163 1117 232 1160 non
256 1095 369 1160 omnia
393 1094 574 1181 epitaphia,
606 1117 647 1159 ex
670 1094 915 1181 antiquissimis
939 1093 1154 1181 potissimum
1176 1092 1336 1179 tempori·

162 1211 235 1295 bus,
260 1216 391 1276 exstare
415 1217 449 1276 et
473 1210 628 1276 fortunae
657 1210 783 1295 deberi,
819 1233 904 1296 quae
933 1211 1127 1295 habeamus,
1162 1216 1277 1276 tamen
1300 1208 1336 1274 id

161 1326 255 1412 quod
289 1327 331 1392 de
358 1350 498 1392 numero
529 1327 745 1392 metricorum
780 1327 880 1392 initio
908 1327 1043 1412 maiore,
1082 1331 1200 1414 postea
1223 1325 1336 1390 decre-

159 1449 279 1510 scente
299 1443 535 1528 animadverti,
559 1466 628 1509 non
651 1466 744 1510 mero
769 1444 860 1510 casui
883 1443 1071 1528 tribuerim,
1097 1443 1175 1529 quia
1199 1441 1336 1508 omnino

41 1605 44 1608 -
158 1582 280 1626 versus
303 1561 416 1647 prisca
438 1565 549 1626 aetate
573 1560 706 1646 saepius
729 1559 899 1647 lapidibus
921 1560 1041 1626 traditi
1065 1567 1153 1626 sunt.

180 1687 182 1692 ⁵
254 1704 295 1768 In
319 1702 408 1770 OIA.
432 1705 478 1788 ll,
503 1705 523 1768 3
553 1704 614 1769 sub
638 1704 788 1769 numeris
816 1704 899 1770 1673
924 1727 995 1790 sqq.
1021 1704 1149 1789 aliquot
1170 1703 1337 1789 epigram-

158 1825 254 1885 mata
278 1821 529 1906 collectasunt,
565 1843 649 1906 quae
677 1821 821 1906 publice,
851 1826 890 1885 ut
917 1827 1018 1886 antea
1048 1821 1085 1885 in
1108 1819 1337 1885 monumentis

159 1936 340 2001 hominum
364 1935 523 2002 inbellis
548 1959 729 2020 caesorum,
754 1937 791 2001 in
815 1937 924 2023 cippis
948 1937 1055 2002 incisa
1083 1942 1175 2002 sunt:
1209 1941 1247 2000 ut
1272 1935 1337 2000 duo

160 2053 271 2138 legati
306 2053 487 2138 Corcyraei
518 2051 667 2118 Athenis
701 2053 827 2118 mortui
860 2053 995 2140 publico
1030 2059 1168 2138 sumptu
1202 2051 1336 2137 sepulti,

161 2169 355 2255 complures
379 2169 447 2234 viri
470 2169 512 2234 cb
535 2191 589 2234 res
624 2170 661 2234 in
694 2169 782 2235 bello
811 2169 897 2235 bene
926 2175 1041 2255 gestas
1066 2192 1085 2234 a
1108 2168 1240 2235 civibus
1265 2167 1335 2254 epi-

163 2285 293 2370 taphiis
316 2285 474 2351 honorati
497 2291 587 2351 sunt.

272 2420 391 2504 Longe
430 2419 593 2506 plurimos
617 2425 731 2485 autem
757 2421 887 2507 lapides
917 2421 1119 2506 sepulcrales
1141 2421 1205 2485 hac
1228 2425 1338 2485 aetate

45 2538 53 2567 '·
162 2536 319 2602 homines
353 2536 480 2622 privati
514 2535 738 2602 familiaribus
773 2537 842 2602 suis
871 2537 1014 2603 mortuis
1043 2537 1187 2603 condere
1216 2537 1336 2620 solent,

166 2675 245 2718 oum
268 2671 523 2738 nonnumquam
546 2653 583 2717 in
600 2654 843 2738 epigrammate
858 2662 992 2739 praeter
1008 2677 1094 2738 eum,
1112 2655 1171 2740 qui
1187 2653 1338 2739 sepultus

166 2774 234 2854 est,
269 2792 305 2834 se
341 2791 473 2855 quoque
501 2769 692 2835 nominent:
730 2770 788 2855 qui
821 2792 893 2834 mos
928 2770 962 2833 in
999 2771 1109 2836 titulis
1144 2768 1338 2854 antiquissi-

165 2885 232 2950 mis
267 2886 418 2970 vulgaris
454 2891 534 2951 erat.
583 2885 650 2951 Sed
686 2907 761 2950 cum
795 2885 858 2950 hac
892 2892 1002 2950 aetate
1036 2887 1066 2951 is
1105 2909 1185 2952 usus
1214 2909 1233 2950 a
1261 2907 1338 2950 con-

166 3001 348 3067 suetudine
381 3002 499 3067 Attica
532 3003 632 3087 plane
671 3002 801 3067 alienus
840 3003 899 3086 sit,
935 3009 1099 3089 quantum
1127 3002 1263 3089 quidem
1299 3024 1340 3066 ex

163 3117 287 3202 titulis,
326 3141 409 3203 quos
448 3141 548 3204 supra
570 3118 801 3203 tractavimus,
827 3125 976 3204 apparet,
1017 3142 1061 3184 ne
1097 3119 1340 3205 epigrammata

163 3233 302 3320 quidem
325 3257 425 3320 saepe
450 3242 529 3300 ante
545 3235 698 3300 Romana
721 3243 873 3322 tempora
896 3258 973 3301 eum
989 3236 1178 3318 nominant,
1204 3235 1262 3320 qui
1288 3257 1338 3298 se·

100 3339 105 3352 ’
163 3351 320 3438 pulcrum
353 3347 546 3434 condiditd)
596 3352 821 3437 Posteaquam
856 3358 970 3418 autem
1004 3353 1115 3418 aliena
1143 3352 1337 3418 domesticis

164 3466 301 3532 misceri
324 3467 362 3533 in
384 3467 511 3532 Atticis
536 3490 669 3554 quoque
694 3468 877 3556 epitaphiis
924 3476 1045 3556 coepta
1068 3474 1156 3554 sunt,
1182 3468 1338 3555 frequen-

165 3582 271 3648 tiores
295 3583 398 3649 etiam
421 3583 587 3649 eiusmodi
609 3585 703 3650 tituli
726 3579 853 3667 fiuntd)
899 3585 1103 3671 Saepissime
1126 3607 1207 3652 vero
1230 3586 1338 3650 solum

163 3721 290 3764 nomen
313 3699 440 3765 mortui
462 3700 641 3766 exhibetur
662 3701 699 3766 in
719 3701 821 3767 certis
841 3701 1041 3788 quibusdam
1056 3701 1219 3786 formulis,
1243 3702 1339 3768 velut

164 3805 286 3877 ἐνθάδε
320 3807 379 3876 τὸν
407 3812 497 3877 δεῖνα
536 3805 554 3877 ὁ
581 3807 688 3902 τάφος
712 3809 859 3902 (τύμβος)
884 3809 948 3895 iicet
975 3819 1032 3884 vel
1058 3809 1260 3895 acidum.
1295 3865 1301 3879 .
1330 3864 1337 3879 .

164 4031 377 4040 *—

277 4154 305 4220 l)
323 4153 428 4210 Kaibel
447 4173 523 4210 anno
544 4154 614 4211 1878
631 4153 690 4210 iam
709 4161 824 4212 centum
844 4156 993 4228 octoginta
1010 4157 1067 4214 duo
1086 4157 1248 4229 collegerat.

273 4262 303 4330 2)
321 4261 406 4318 Kaib.
425 4263 468 4318 54.
488 4263 530 4318 55.
549 4263 593 4318 86.
631 4262 705 4318 om.
724 4265 762 4334 Π,
781 4263 860 4321 2920.

271 4371 302 4438 3)
320 4369 406 4430 Kaib.
421 4372 480 4428 113.
496 4372 555 4430 130.
572 4373 632 4427 131.
647 4372 708 4428 133,
722 4373 781 4428 138.
796 4373 855 4428 139.
871 4373 931 4429 148.
946 4375 1005 4430 161.
1020 4375 1079 4430 169.
1108 4373 1338 4446 OIA.111‚1307.
