3072 4986
637 364 855 430 ...17-

160 551 221 632 est,
245 546 282 611 in
305 545 381 611 aliis
404 543 573 630 lapidibus
597 542 743 627 easdem,
767 565 849 629 quas
873 550 981 628 antea,
1005 543 1181 610 nominum
1204 541 1329 610 formas

161 684 332 750 apparere,
368 661 405 726 in
439 661 514 726 aliis
537 682 790 745 nonnumquam
813 660 881 724 lam
904 682 1029 726 nomen
1051 661 1157 746 patris
1186 666 1220 725 et
1247 656 1329 746 gen-

161 767 490 862 1111111111(ἒθνικόν)
526 775 680 841 additum
704 798 786 860 esse,
822 775 860 841 id
883 776 972 862 quod
996 776 1033 841 in
1055 775 1172 842 Attica
1194 776 1330 862 potissi·

162 917 256 960 mum
289 892 482 978 insequenti
516 898 626 958 aetate
665 893 904 979 pervulgatum
939 915 1012 958 1111
1049 893 1255 960 videbimus:
1292 898 1332 958 ut

162 1009 339 1099 paullatim
356 1009 475 1096 quinto
499 1009 631 1074 saeculo
654 1017 787 1075 veteres
810 1007 938 1074 formae
965 1009 1142 1074 titulorum
1165 1009 1332 1095 sepulcra-

161 1127 245 1193 lium
267 1131 416 1192 mutatae
439 1147 614 1210 novaeque
637 1131 729 1190 ortae
746 1147 818 1190 1111
840 1124 1032 1191 videantur.
1075 1126 1251 1212 Nusquam
1274 1147 1331 1190 au·

162 1249 232 1308 tem
254 1249 324 1308 tam
347 1247 463 1330 aperte
487 1247 587 1327 atque
622 1240 770 1306 dilucide
793 1237 855 1306 hoo
890 1241 1049 1327 cognosci
1074 1248 1197 1328 potest,
1233 1263 1333 1327 quam

162 1360 199 1424 in
223 1358 350 1442 Attica,
374 1357 434 1424 ubi
457 1356 707 1444 epitaphiorum
731 1379 891 1422 numerus
914 1357 958 1422 ad
982 1357 1139 1443 quintum
1163 1357 1333 1424 saeculum

161 1474 416 1561 pertinentium,
442 1474 507 1538 etsi
530 1472 640 1538 adhue
673 1495 742 1538 non
764 1473 813 1538 ita
846 1495 990 1559 magnus
1026 1480 1106 1559 erat,
1142 1481 1257 1540 tamen
1279 1471 1333 1538 his

161 1591 325 1678 proximis
348 1589 447 1656 1111111
471 1589 643 1675 aliquanto
680 1595 796 1654 auctus
820 1595 880 1654 est.
928 1588 996 1656 Sed
1019 1611 1095 1654 cum
1117 1589 1155 1655 in
1181 1589 1235 1654 his
1258 1588 1333 1655 bre·
1368 1567 1374 1580 ⁸

162 1707 262 1772 vibus
287 1705 468 1791 epitaphiis
491 1728 597 1770 unum
623 1727 747 1770 nomen
771 1727 870 1792 saepe
894 1705 1131 1771 exhibentibus
1152 1707 1209 1771 vel
1233 1704 1334 1772 mini·

162 1845 237 1888 mae
260 1821 472 1887 differentiae
496 1821 620 1906 dignae
644 1821 723 1906 sint,
756 1844 841 1907 quae
871 1829 1182 1907 commemorentur,
1221 1843 1332 1908 neque

163 1939 239 2004 11111
264 1943 420 2004 accurata
443 1943 477 2002 et
500 1943 561 2025 'per
591 1937 727 2022 longius
762 1946 896 2024 tempus
930 1939 1127 2004 continuata
1159 1938 1336 2004 titulorum

164 2055 415 2142 comparatione
439 2058 633 2118 constantes
650 2060 827 2138 certaeque
849 2055 943 2138 leges
959 2055 1063 2120 statui
1078 2055 1220 2142 possint,
1244 2076 1335 2120 cum·

163 2193 228 2257 que
252 2171 399 2255 Oorpore
423 2169 683 2256 inscriptionum
706 2169 897 2235 Atticarum
926 2193 1001 2236 cum
1037 2170 1165 2237 duobus
1199 2171 1333 2258 supple-

163 2287 289 2351 mentis
312 2308 420 2373 nuper
443 2285 595 2351 absolutc
618 2285 675 2351 via
698 2286 830 2352 munita
854 2286 907 2371 sit,
933 2309 999 2372 qua
1021 2287 1138 2354 Attica
1161 2287 1334 2374 epitaphia

163 2401 229 2467 hoe
251 2401 350 2468 modo
374 2401 558 2467 examinari
581 2407 731 2488 possunt,
756 2403 824 2467 iam
847 2403 968 2468 ceteris
993 2403 1154 2468 Graeciae
1177 2403 1332 2490 partibus

164 2519 411 2604 praetermissis
433 2541 451 2582 1
475 2541 512 2584 11
531 2517 669 2583 videtur
691 2540 773 2603 esse,
799 2518 841 2584 de
857 2519 967 2584 titulis
984 2519 1225 2607 sepulcralibus
1240 2519 1333 2585 Atti-

166 2634 215 2700 cis
239 2635 421 2721 separatim
444 2635 678 2720 quaestionem
700 2631 820 2720 iacere,
845 2635 1045 2720 praesertim
1068 2636 1098 2700 si
1121 2657 1272 2701 normam
1296 2635 1333 2700 in

166 2743 292 2816 finibus
317 2750 442 2814 saeculi
465 2749 577 2835 quinti
611 2756 646 2814 11
676 2751 787 2836 quarti
810 2750 866 2816 hic
891 2752 1110 2818 constitutam
1132 2773 1202 2818 non
1225 2752 1334 2816 solum

165 2867 203 2932 111
217 2865 335 2932 Attica
358 2889 419 2952 per
441 2866 555 2932 omnia
577 2871 730 2952 tempora
752 2867 909 2951 valuisse,
934 2866 992 2932 sed
1016 2867 1119 2933 etiam
1144 2867 1181 2934 in
1204 2874 1333 2934 ceteras

71 3050 74 3054 .
165 2983 329 3050 Graeciae
352 2983 508 3068 regiones
531 2988 751 3069 propagatam
775 3004 848 3048 1111
874 2982 1076 3050 videbimus.

645 3231 856 3243 *ιιι-...ιω-

711 3463 792 3538 ΙΙΙ.

348 3609 412 3692 lle
439 3608 587 3692 titulis
617 3610 942 3714 sepulcralitus
970 3607 1145 3694 Atticis.

201 3787 237 3856 Α.
263 3785 424 3858 [tremata
448 3788 649 3860 recentiores
673 3789 829 3862 nominum
853 3787 1011 3858 formulae
1035 3789 1172 3859 saeculo
1197 3789 1231 3859 ν.
1255 3806 1296 3859 ex

554 3905 719 3974 veteribus
743 3906 838 3975 ortae
862 3905 939 3974 sint.

273 4039 410 4127 Optimo
445 4039 518 4106 iure
552 4041 594 4107 U.
629 4041 761 4107 Kohler
795 4039 1066 4126 (1111111111,
1098 4041 1175 4123 359)
1210 4041 1334 4106 mirum

167 4177 241 4220 esse
264 4155 361 4240 dixit,
394 4156 459 4221 etsi
481 4157 576 4232 tituli
599 4158 800 4244 sepulcrales
824 4157 933 4224 Attici
956 4157 1136 4222 Persarum
1158 4158 1256 4224 bellis
1281 4181 1335 4225 su-

165 4270 314 4357 periores
341 4272 433 4338 haud
460 4272 529 4338 rari
563 4274 767 4358 exstiterint,
803 4273 921 4340 titulos
949 4273 1003 4340 his
1027 4273 1124 4342 bellis
1158 4273 1335 4340 inferiores

167 4386 211 4452 ad
234 4387 270 4453 id
293 4395 427 4474 tempus
450 4387 590 4474 (anuum
616 4389 713 4472 1885)
741 4395 898 4475 quattuor
921 4395 1054 4456 tantum
1078 4395 1158 4456 ante
1180 4391 1335 4456 Euclidis

1122 4534 1140 4586 2
