3072 4986
726 323 944 386 ,28-

252 496 343 562 cives
377 520 445 563 una
480 499 607 565 occisos
642 499 745 564 etiam
779 522 847 566 una
885 501 915 566 si
949 522 1018 566 non
1058 501 1209 587 sepultos
1257 507 1292 566 at
1330 505 1435 566 certe

250 612 431 700 inscriptos
463 615 659 700 viderimus,
696 617 752 682 hio
787 624 900 689 autem
936 617 1066 703 equites
1103 617 1165 682 soli
1192 617 1433 702 nominentur,

249 729 400 796 Koehler
428 731 491 796 hoc
519 733 708 818 sepulcrum
736 733 778 799 iis
807 757 826 798 1
849 733 1098 820 superstitibus,
1129 733 1328 819 quibuscum
1358 756 1435 799 una

251 845 505 929 dimicaverant,
529 849 710 935 separatim
734 855 939 916 exstructum
966 872 1039 915 esse
1064 849 1230 936 opinatur.
1278 850 1434 916 Dexileo

250 984 330 1028 vero
354 962 417 1029 hoc
440 971 697 1031 monumentum
726 989 746 1030 1
769 966 1031 1052 consanguineis
1060 967 1131 1032 eius
1164 966 1313 1053 positum
1350 988 1434 1031 esse

250 1079 306 1143 vel
329 1079 409 1146 inde
433 1086 583 1167 apparet,
607 1081 698 1167 quod
721 1082 840 1147 eodem
856 1082 927 1148 fere
942 1084 1015 1148 loco
1032 1083 1124 1168 cippi
1139 1082 1315 1149 hominum
1332 1082 1434 1148 eius-

251 1193 328 1260 dem
355 1195 504 1262 familiae
527 1197 662 1264 inventi
685 1193 804 1281 sunu1)
850 1199 907 1266 Sic
937 1199 1011 1264 viro
1039 1203 1260 1264 monumento
1284 1198 1434 1295 publico

250 1309 413 1377 honorato
436 1313 695 1381 afamiliaribus
717 1315 899 1401 separatim
916 1315 1106 1401 sepulcrum
1123 1314 1289 1380 conditur.
1328 1313 1433 1380 Hinc

251 1424 351 1492 facile
374 1451 473 1494 causa
496 1431 568 1496 eius
591 1430 673 1496 iacti
695 1431 880 1518 repetenda
903 1437 963 1514 est,
988 1431 1077 1516 quod
1100 1453 1201 1516 supra
1216 1453 1248 1516 p.
1269 1430 1310 1495 13
1327 1436 1366 1495 et
1387 1431 1432 1496 15

252 1543 440 1631 tetigimus
466 1547 557 1632 quod
580 1547 726 1633 catalogi
749 1547 878 1633 publici
901 1553 1109 1612 mortuorum
1125 1552 1269 1612 exeunte
1286 1547 1431 1612 saeculo

251 1660 370 1748 quinto
398 1670 620 1729 evanescunt:
651 1686 730 1728 nam
758 1669 831 1728 tum
860 1662 1044 1728 familiares
1072 1663 1271 1750 superstites
1299 1685 1430 1729 unum-

253 1798 419 1863 quemque
444 1801 579 1844 suorum
601 1779 737 1866 proprio
761 1780 914 1866 sepulcro
938 1779 1071 1844 humari
1095 1780 1285 1845 voluerunt.

356 1894 508 1981 Insignis
532 1902 583 1960 est
606 1895 662 1961 hio
685 1896 805 1961 titulus
828 1896 942 1979 etiam,
968 1895 1059 1981 quod
1080 1917 1198 1979 annus,
1227 1917 1293 1981 quo
1314 1895 1428 1961 Dexi-

249 2011 319 2077 leos
342 2017 443 2076 natus
467 2017 501 2076 11
524 2017 675 2078 mortuus
699 2019 760 2096 est,
784 2011 939 2096 traditur,
964 2017 1095 2077 utnon
1118 2012 1227 2076 solum
1251 2034 1316 2098 quo
1333 2017 1426 2078 tem-

250 2149 340 2214 pore,
366 2126 553 2197 sedetiam
578 2127 762 2215 quamdiu
784 2128 911 2194 vixerit
932 2128 1186 2214 comperiamus.
1225 2128 1314 2194 Nam
1330 2128 1428 2194 inter
1516 2151 1517 2154 ¹

250 2265 367 2309 omnes
391 2245 544 2310 omnium
566 2251 758 2331 temporum
782 2244 898 2331 cippos
922 2243 1056 2310 Atticos
1091 2245 1204 2309 nullus
1232 2243 1425 2330 invenitur,

249 2359 286 2424 in
309 2383 375 2446 quo
399 2367 491 2426 aetas
512 2361 738 2446 significetur,
755 2360 785 2425 is
801 2383 873 2425 mos
890 2360 1028 2426 omnino
1043 2361 1081 2425 in
1098 2360 1272 2447 epitaphia
1289 2360 1426 2427 Graeca

249 2476 311 2541 sub
339 2477 570 2543 Romanorum
598 2477 744 2562 denique
767 2477 909 2562 imperio
933 2477 1106 2542 nonnullis
1141 2476 1224 2542 locis
1260 2483 1424 2564 receptus
1515 2549 1516 2560 ,

251 2599 312 2657 111.
358 2593 471 2658 Etiam
497 2593 589 2659 vitae
613 2615 719 2659 annos
742 2593 779 2658 in
802 2593 915 2679 lapide
939 2593 1118 2679 sepulcrali
1141 2592 1326 2659 inscribere
1350 2594 1424 2659 Ro·

248 2731 386 2774 manum
410 2715 475 2792 est;
499 2709 645 2776 Athenis
669 2710 705 2774 in
729 2709 906 2774 duodecim
930 2709 1029 2775 modo
1053 2709 1163 2774 titulis
1188 2709 1250 2775 sub
1274 2709 1423 2796 impera·

248 2825 379 2890 toribus
416 2827 616 2913 conscriptis
652 2824 754 2910 (om.
779 2826 844 2910 HI,
884 2825 978 2890 1438.
1007 2825 1100 2890 1447.
1134 2825 1219 2890 1450
1254 2823 1354 2912 sqq),
1394 2825 1424 2890 si

250 2942 492 3028 epigrammata
507 2943 820 3029 praetermittimus,
838 2964 1002 3008 annorum
1020 2964 1200 3007 numerum
1213 2941 1421 3008 invenimus

357 3060 504 3126 Omnino
520 3066 630 3125 aetate
642 3061 796 3125 Romana
813 3064 1026 3125 conservatas
1043 3058 1179 3144 quidem
1197 3057 1321 3124 formas
1336 3058 1423 3124 titu-

249 3177 358 3241 lorum
379 3176 583 3262 principales
610 3176 671 3240 sed
691 3176 773 3240 alias
795 3175 917 3240 leviter
942 3181 1088 3240 mutatas
1111 3174 1280 3258 videmus,
1315 3181 1354 3239 ut
1384 3175 1423 3239 in

251 3293 478 3379 compluribus
495 3292 674 3379 lapidibus,
699 3314 782 3378 quos
798 3292 897 3358 vivus
914 3291 1036 3377 aliquis
1052 3290 1119 3356 sibi
1135 3290 1309 3377 ponendos
1325 3313 1421 3356 cura·
1504 3293 1506 3340 1

250 3415 356 3494 verat,
373 3408 416 3474 ad
427 3409 603 3494 vulgarem
614 3409 762 3474 nominis
774 3407 915 3473 formam
928 3430 960 3472 v.
974 3402 1022 3492 ζῇ,
1041 3413 1079 3471 11
1092 3407 1129 3471 in
1140 3407 1275 3472 Latinis
1288 3401 1419 3491 „vivit“

252 3526 434 3613 apponitur
457 3524 749 3610 (1111111441.
773 3525 868 3590 1684.
890 3524 988 3588 2081.
1010 3523 1225 3604 11111131
1251 3522 1310 3589 cfr.
1331 3522 1421 3588 infra

251 3666 283 3730 p.
297 3642 352 3719 39)
370 3642 458 3708 GIA.
471 3643 533 3727 HI,
551 3643 635 3708 1807
652 3632 826 3713 Πόπλειος
838 3631 1019 3724 Κορνήλιος
1034 3632 1192 3724 Χιονίδης
1204 3630 1418 3723 Λαμπτρεύς,

252 3751 410 3821 Ποπλίου
426 3751 608 3844 Κορνηλίου
627 3750 772 3843 Νηρίτου
788 3749 1003 3840 Λαμπτρέως
1018 3746 1089 3830 υἱός
1106 3754 1311 3820 demoticum
1327 3761 1362 3820 et
1378 3753 1420 3819 ad

252 3877 359 3963 patris
383 3882 417 3940 et
441 3875 570 3940 11111111
595 3897 719 3940 nomen
742 3873 891 3960 positum
915 3877 967 3936 est
990 3878 1024 3936 et
1047 3894 1080 3937 v.
1104 3862 1175 3945 υἱός
1198 3878 1237 3936 11
1259 3871 1419 3937 Latinum

253 3989 385 4078 ‚,filius“
404 3993 568 4076 additum,
587 3991 647 4057 cfr.
663 3989 782 4055 Jocra.
800 3987 853 4072 for
864 3988 1050 4071 1111111119
1066 3986 1178 4052 hellen.
1196 3986 1280 4052 stud.
1297 3988 1339 4068 V,
1358 3984 1419 4052 155

251 4111 345 4176 1122.
378 4106 841 4176 Nonnullonrmduonomina
851 4104 1126 4189 afferuntumHI,
1136 4105 1222 4170 1490
1231 4093 1418 4190 Δημήτριος

361 4358 387 4430 1)
407 4357 465 4414 011.
484 4357 805 4416 Passerinus-Wolters
823 4373 851 4410 n.
872 4353 985 4425 10051.
1005 4353 1066 4409 330.
