3072 4986
654 277 870 341 ..24-

286 456 396 534 Quare
420 456 558 522 omnino
582 455 675 520 nulla
704 477 741 520 re
764 477 826 521 nos
848 453 1020 542 prohiberi
1050 455 1178 542 opinor,
1216 454 1346 541 quomi-

178 594 243 638 nus
265 572 434 658 principia
456 572 529 637 eius
552 571 679 638 formae
713 571 890 637 nominum
914 571 1017 636 etiam
1039 571 1077 637 in
1110 594 1209 638 usum
1231 571 1346 658 priva·

178 695 252 754 tum
274 689 342 754 iam
366 694 444 754 ante
467 687 645 754 Euclidem
667 687 843 775 irrepsisse
867 693 1055 753 statuamus
1079 693 1189 774 atque,
1214 687 1347 753 etiamsi

180 805 385 870 demoticum
409 804 618 888 adhibeatur,
643 805 782 869 titulum
806 805 925 890 quinto
950 805 1081 870 saeculo
1110 826 1208 890 posse
1232 827 1346 869 exara-

180 927 253 988 tum
275 943 348 986 esse
368 921 565 986 iudicemus.
605 919 653 986 At
669 921 728 986 1110
752 921 825 1006 ipso
849 942 937 986 anno
961 918 1039 1003 (403
1063 943 1091 985 0.
1110 917 1202 1002 Chr.)
1226 942 1347 1006 graves

179 1039 273 1123 leges
297 1037 339 1103 de
373 1037 512 1103 civitate
546 1059 660 1102 rursus
694 1043 872 1103 renovatas
908 1059 981 1102 esse
1016 1031 1186 1117 constatl)
1232 1035 1281 1102 At
1304 1058 1348 1102 ne

179 1159 296 1241 postea
321 1153 459 1239 quidem
481 1175 597 1219 omnes
622 1153 712 1219 cives
737 1153 774 1218 in
798 1152 980 1240 epitaphiis
1002 1133 1217 1218 'demotioum
1239 1152 1348 1218 nomi-

181 1269 281 1336 nibus
302 1269 465 1336 adiecisse
487 1269 581 1334 tituli
596 1275 635 1334 ut
652 1268 740 1336 CIA.
752 1269 798 1354 ΙΙ,
817 1269 903 1335 1790
926 1269 1080 1355 exemplo
1103 1291 1175 1334 esse
1195 1274 1347 1354 possunt,

180 1387 241 1454 ubi
263 1386 307 1452 ad
329 1409 453 1453 nomen
471 1385 566 1484 ί111100
590 1384 725 1450 demum
750 1385 896 1468 additur,
921 1407 986 1471 qua
1010 1384 1051 1452 de
1077 1384 1168 1450 tribu
1191 1385 1348 1451 Callicles

179 1509 277 1590 pater
300 1508 392 1568 ortus
416 1503 471 1587 sit,
506 1503 562 1569 vel
584 1503 630 1586 H,
657 1502 751 1586 1873,
786 1501 846 1567 ubi
868 1501 1114 1588 Theophanten
1144 1501 1234 1567 inter
1269 1500 1348 1585 „ho-

180 1619 290 1684 mines
314 1618 456 1705 originis
479 1613 650 1683 incertae“
687 1617 847 1683 sectionis
871 1624 1008 1704 quartae
1037 1623 1208 1704 receptam
1244 1617 1349 1683 fuisse

181 1741 334 1822 apertum
359 1741 418 1820 est,
443 1734 511 1800 nisi
535 1734 638 1799 etiam
672 1733 759 1820 lapis
782 1757 816 1799 n.
843 1735 929 1798 1874
957 1723 1044 1799 forte
1068 1739 1222 1820 repertus
1247 1740 1351 1800 esset:

181 1857 282 1936 atque
306 1849 396 1936 quod
419 1851 511 1916 cives
534 1849 597 1915 hac
622 1849 663 1914 de
687 1872 787 1915 eausa
810 1849 980 1935 incogniti
1003 1849 1040 1914 in
1056 1849 1206 1915 sectione
1231 1855 1350 1935 quarta

182 1967 340 2054 Corporis
362 1967 390 2032 I.
413 1965 456 2032 A.
480 1967 619 2050 lateant,
645 1965 831 2032 diiudicare
854 1988 916 2032 nos
939 1965 1078 2032 omnino
1101 1988 1170 2032 non
1192 1988 1290 2052 posse
1312 1965 1350 2031 in

180 2083 359 2171 propatulo
383 2087 444 2148 est.
1060 2063 1070 2086 ²

324 2314 357 2382 B.
382 2312 551 2382 1101110110
575 2311 682 2399 quarti
706 2313 740 2380 et
764 2312 963 2398 sequentium
988 2313 1203 2383 saeculorum.

285 2467 357 2532 Iam
380 2466 410 2532 si
433 2466 476 2532 ad
511 2467 640 2552 copiam
675 2467 923 2552 epitaphiorum
946 2466 1139 2533 Attioomm
1173 2489 1235 2532 nos
1271 2488 1349 2532 oon·

178 2582 352 2666 vertimus,
378 2605 463 2668 quae
487 2588 605 2667 quarto
628 2583 839 2668 posterisque
877 2583 1019 2648 saeculis
1048 2589 1122 2649 orta
1159 2583 1196 2649 in
1220 2583 1349 2668 Corpus

178 2700 206 2766 Ι.
230 2698 272 2764 Α.
296 2697 455 2763 universa
477 2705 614 2784 recepta
637 2705 725 2782 sunt,
750 2698 787 2764 id
809 2699 1024 2785 potissimum
1057 2699 1154 2766 nobis
1178 2699 1350 2786 agendum

180 2822 242 2900 est,
258 2820 297 2880 ut
313 2813 435 2900 quibus
451 2801 568 2880 formis
585 2814 679 2880 tituli
695 2815 850 2901 concepti
865 2815 944 2901 sint,
970 2839 1071 2901 quam
1087 2814 1349 2899 diligentissime

179 2930 459 3020 pervestigamus,
483 2953 560 2996 cum
584 2930 721 2995 eaedem
745 2929 872 2996 formae
888 2954 915 2996 a
939 2937 1058 3017 quarto
1074 2931 1205 2998 saeculo
1222 2953 1250 2994 a.
1268 2930 1348 2996 Chr.

179 3072 212 3115 n.
248 3069 355 3133 usque
394 3045 436 3111 ad
475 3052 625 3111 extrema
661 3053 814 3132 tempora
852 3047 1094 3134 imperatorum
1120 3047 1349 3112 Romanorum

180 3165 378 3252 plerumque
418 3162 675 3248 permanserint.
735 3163 887 3249 Cumque
926 3163 969 3229 ad
1008 3185 1081 3227 eam
1117 3161 1348 3247 quaestionem

181 3280 267 3346 utile
301 3279 460 3346 videatur
488 3300 570 3360 esse,
606 3278 748 3344 eandem
783 3303 868 3366 quae
902 3281 939 3345 in
968 3277 1056 3345 om,
1091 3279 1158 3344 vol.
1192 3278 1282 3362 II,3
1316 3282 1350 3342 et

177 3397 242 3482 ΙΠ,
266 3397 286 3460 2
309 3393 399 3460 10010
424 3402 475 3460 001
497 3394 717 3482 partitionem
741 3397 778 3462 in
813 3397 915 3480 cives,
951 3395 1156 3481 peregrinos,
1192 3394 1348 3460 homines

99 3572 106 3584 .
180 3513 330 3578 incertae
354 3511 496 3597 originis
519 3511 676 3596 retinere,
704 3535 796 3578 nunc
819 3535 839 3577 a
866 3512 977 3578 titulis
1006 3511 1133 3577 civium
1156 3511 1349 3578 Atticorum

181 3627 355 3694 exordium
378 3627 552 3693 faciamus.
598 3628 715 3694 Unum
739 3628 851 3712 etiam,
880 3628 971 3714 quod
994 3629 1035 3692 ad
1066 3634 1194 3694 eeteros
1218 3649 1349 3714 quoque

179 3745 297 3811 titulos
313 3743 447 3810 Atticos
470 3744 626 3829 pertinet,
644 3745 869 3831 praemittam,
894 3743 999 3809 1111111
1014 3744 1124 3811 aliud
1141 3741 1349 3831 epitaphia

180 3861 320 3928 Attica
343 3895 385 3908 -
410 3860 569 3946 exceptis,
601 3861 631 3926 si
658 3866 854 3946 quaesunt,
891 3860 1144 3948 epigrammatis
1179 3895 1221 3904 —
1257 3879 1348 3924 con·

181 3977 331 4061 tinere,
388 3976 471 4042 nisi
516 3999 659 4043 nomen
705 3977 855 4043 mortui
910 3977 948 4044 in
1003 3975 1214 4043 nominativo
1270 3997 1349 4040 casu

181 4183 393 4192 -----

290 4295 316 4365 1)
335 4295 394 4352 Cfr.
413 4294 496 4351 Iwnn
513 4295 625 4364 Mulier,
645 4293 836 4366 ,‚Houdbuot“
855 4296 905 4367 IV,
925 4296 940 4350 1
959 4313 986 4366 p.
1007 4294 1066 4366 142,
1085 4295 1110 4353 3.
