3072 4986
611 351 830 418 ..51-

315 529 498 596 Philinnae
521 528 621 595 initio
645 531 754 596 solum
777 530 814 596 in
837 529 950 618 lapide
967 529 1082 612 fuisse,
1107 529 1173 595 1111
1187 533 1306 616 postea

317 644 452 712 demum
495 645 612 712 addita
650 669 732 732 esse,
772 669 813 712 ex
850 647 964 734 lapide
1003 647 1122 712 denuo
1152 646 1305 732 inspecto

320 762 485 848 apparuit.

239 878 407 945 111111.
448 879 512 963 ΙΠ,
551 879 651 945 1979:
692 879 839 967 primum
883 901 1021 946 versum
1060 875 1307 966 Dittenberger

319 995 449 1080 primus
473 1001 565 1061 reete
589 995 832 1082 interpretatus
857 1002 919 1081 est,
943 996 1002 1081 qui
1026 995 1129 1061 etiam
1153 995 1244 1062 hunc
1259 996 1305 1060 la-

317 1111 433 1198 pidem
448 1111 604 1178 Romana
620 1118 729 1178 aetate
745 1112 798 1177 bis
821 1112 1025 1198 inscriptum
1049 1133 1122 1177 esse
1145 1110 1305 1181 ostendit.

241 1227 311 1294 Sed
333 1227 510 1293 redeamus
544 1251 635 1294 nune
670 1227 713 1293 ad
744 1229 948 1294 Graecorum
983 1234 1175 1315 temporum
1208 1250 1308 1293 usum

125 1343 388 1430 videamusque,
411 1343 694 1430 quemadmodum
718 1366 793 1410 cum
810 1345 873 1429 his,
896 1367 978 1430 quas
995 1345 1105 1430 attuli,
1130 1344 1308 1432 cipporum

127 1459 251 1526 formis
277 1467 311 1525 et
334 1467 541 1526 mortuorum
564 1460 683 1546 figuris
706 1460 899 1547 anaglypho
916 1461 1189 1547 repraesentatis,
1213 1459 1308 1525 tituli

129 1577 347 1642 cohaereant.
1065 1577 1067 1581 ’

240 1693 389 1760 Nomina
400 1699 607 1759 mortuorum
624 1693 712 1759 bona
724 1699 836 1759 aetate
847 1693 884 1758 in
901 1694 995 1759 stolis
1012 1700 1046 1759 et
1059 1693 1220 1758 aediculis
1237 1693 1306 1758 illis

129 1809 205 1876 sive
218 1809 361 1895 fastigio
379 1810 450 1875 sive
467 1809 627 1875 foliorum
648 1815 846 1876 ornamento
870 1810 1009 1896 insuper
1031 1809 1159 1876 ornatis
1176 1831 1309 1896 semper

130 1948 237 2014 supra
261 1926 493 2012 anaglyphum
516 1927 553 1991 in
565 1925 681 1991 tabula
696 1925 771 2012 ipsa
787 1926 844 1991 vel
861 1927 898 1991 in
916 1927 1075 2012 epistylio
1087 1927 1197 2006 posita
1213 1932 1307 1992 sunt:

129 2043 275 2109 nomina
298 2041 389 2108 infra
412 2041 643 2129 anaglyphum
667 2041 956 2129 scriptalapidem
971 2043 1170 2108 recentioris
1185 2042 1307 2109 aetatis

131 2181 206 2224 esse
231 2165 411 2226 testantur.
445 2159 488 2224 In
504 2159 619 2224 multis
637 2158 850 2246 anaglyphis,
868 2159 1080 2244 maximeque
1098 2159 1135 2224 in
1151 2160 1307 2247 lecythis,

132 2276 278 2342 nomina
301 2276 404 2341 etiam
436 2275 478 2340 ad
512 2275 603 2362 ipsas
638 2275 814 2341 hominum
848 2274 974 2360 figuras
1013 2275 1184 2362 adscripta
1219 2283 1308 2362 sunt,

132 2413 200 2476 quo
242 2391 377 2458 facilius
411 2392 465 2457 illi
499 2397 794 2477 cognoscerentur.
841 2393 929 2458 Nam
964 2413 1063 2478 saepe
1098 2392 1231 2478 accidit,
1271 2398 1310 2458 ut

132 2515 273 2594 praeter
295 2515 467 2574 mortuum
491 2509 595 2574 etiam
618 2508 804 2574 familiares
829 2509 900 2574 eius
923 2509 960 2572 in
989 2507 1182 2595 anaglypho
1205 2531 1307 2595 appa·

133 2631 236 2690 reant
259 2631 293 2690 et
316 2625 382 2691 duo
406 2626 462 2691 vel
485 2626 597 2711 plures
621 2625 775 2690 homines
800 2625 848 2690 ibi
883 2625 1056 2690 coniuncti
1091 2625 1171 2690 sint.
1219 2625 1307 2690 Tum

134 2741 228 2807 ultro
251 2763 320 2806 non
345 2763 477 2828 semper
499 2747 603 2828 patet,
633 2741 676 2806 ad
699 2763 880 2826 quemnam
903 2763 1028 2806 nomen
1050 2741 1191 2828 insuper
1213 2763 1307 2829 sepa·

135 2857 241 2922 ratim
275 2857 423 2944 positum
458 2857 578 2923 referri
613 2857 743 2942 debeat,
780 2880 845 2944 qua
873 2857 983 2944 figura
1017 2857 1116 2924 homo
1145 2864 1306 2943 mortuus,

138 2974 263 3058 quibus
288 2975 487 3061 superstites
510 2975 757 3060 repraesentati
780 2974 859 3040 sint.
905 2975 1029 3038 Errare
1046 2975 1137 3040 enim
1159 2997 1227 3060 eos,
1249 2975 1310 3062 qui

137 3097 291 3156 mortuos
331 3112 463 3177 semper
496 3091 623 3176 figuras
657 3090 814 3156 sedentes
849 3090 886 3155 in
919 3091 974 3156 his
1008 3091 1310 3178 compositionibus

143 3229 219 3272 esse
243 3212 413 3292 putarent,
436 3208 476 3274 L.
500 3206 744 3272 Friedlaender
768 3204 842 3291 (ll.
866 3230 899 3293 p.
926 3204 1049 3293 lsqq.)
1072 3209 1201 3294 primus
1217 3215 1309 3274 recte

139 3320 266 3389 docuit.
291 3323 369 3389 Huc
391 3323 566 3410 pertinent
583 3323 694 3408 etiam,
707 3400 709 3405 ,
721 3345 805 3409 quae
821 3325 1038 3409 Pervanoglu
1055 3325 1091 3390 in
1106 3324 1192 3390 libro
1208 3347 1310 3411 supra

138 3437 277 3506 laudato
300 3461 332 3525 p.
358 3438 401 3503 53
425 3461 498 3525 sqq.
524 3439 689 3526 exposuit.
736 3439 865 3505 Tamen
887 3440 992 3506 variis
1019 3440 1129 3506 modis
1157 3441 1310 3507 homines
1431 3451 1433 3455 ’

140 3555 268 3622 mortui
306 3556 397 3621 inter
431 3557 620 3643 complures
659 3556 741 3622 alias
787 3556 913 3642 figuras
958 3557 1171 3624 notabantur.
1223 3558 1311 3624 Nam

141 3671 276 3758 saepius
306 3695 334 3738 e.
369 3694 403 3757 g.
438 3672 547 3758 figura
581 3675 706 3738 mortui
740 3673 847 3739 multo
881 3673 987 3740 maior
1021 3679 1082 3756 est,
1118 3695 1218 3760 quam
1253 3673 1312 3739 alii

143 3787 413 3866 circumstantes,
445 3789 502 3856 vel
529 3789 629 3856 liberi
662 3790 719 3856 vel
746 3785 875 3874 servi,¹)
909 3796 949 3855 ut
970 3788 1192 3877 Xanthippus
1220 3796 1314 3855 sutor

142 3904 231 3970 ultro
268 3904 359 3970 inter
392 3905 516 3971 liberos
551 3927 628 3970 suos
662 3929 783 3993 parvos
817 3907 1013 3992 agnoscitur
1045 3905 1089 3986 (v.
1114 3906 1312 3972 Brueckner

147 4019 281 4087 Orcum.
317 4021 384 4088 tab.
409 4021 454 4107 H,
479 4019 524 4106 2),
559 4021 651 4107 alibi,
686 4029 725 4087 ut
763 4023 801 4087 in
835 4023 1029 4110 anaglypho
1053 4045 1073 4089 a
1096 4021 1312 4088 Brueolrnero

143 4136 212 4203 tab.
247 4137 292 4222 II,
326 4138 347 4202 3
383 4137 485 4224 edito,
521 4137 641 4204 habitu
680 4143 715 4204 et
749 4137 857 4206 torma
889 4161 932 4205 ex
965 4139 1141 4205 hominum
1179 4146 1314 4204 caterva

144 4293 356 4306 *—

252 4373 279 4447 1)
299 4374 472 4434 111111.
491 4375 528 4432 aa
546 4395 574 4432 n.
595 4375 671 4433 1011.
