3072 4986
630 322 849 388 ..55-

146 499 333 568 inclinatis
367 501 423 567 vel
460 500 603 568 tristitia
626 500 769 589 quadam
800 506 835 566 et
857 501 1105 587 tranquillitate
1127 523 1189 588 per
1211 501 1326 566 vultus

142 618 306 684 omnium
331 618 455 684 diffusa
477 618 717 684 venustissime
741 617 892 715 indicata
914 617 1025 703 magis
1044 639 1144 704 quam
1168 639 1326 704 expressa

139 733 299 801 videtur.
337 734 392 801 Ita
413 734 644 822 placidissima
668 740 702 799 et
727 734 823 820 quasi
847 733 985 800 caelesti
1008 756 1090 821 pace
1114 733 1324 820 perfundun-

140 857 210 917 tur
232 873 342 938 opera,
379 851 502 938 quibus
535 857 645 917 mater
680 873 756 918 oum
792 849 925 916 infante
957 856 1170 936 praemature
1192 855 1325 916 mortuo

141 968 210 1035 vel
243 967 318 1056 ipsa
353 989 395 1034 ex
430 973 531 1054 partu
564 967 715 1054 peritura
751 965 971 1053 conspicitur,
1007 967 1063 1034 vel
1096 966 1218 1032 mulier
1246 972 1325 1032 ante

141 1089 297 1150 mortem
320 1084 433 1151 velata
454 1105 523 1149 una
546 1106 623 1149 cum
638 1083 761 1149 marito
783 1089 817 1149 et
832 1082 949 1149 liberis
969 1083 1026 1149 vel
1046 1083 1180 1150 iuvenis
1197 1081 1239 1148 ad
1254 1083 1324 1150 bel·

141 1200 224 1266 lum
247 1199 463 1286 proficiscens
486 1199 685 1286 parentibus
701 1198 906 1284 valedicens,
932 1221 1008 1264 oum
1031 1199 1092 1266 sub
1109 1199 1222 1286 specie
1244 1198 1326 1265 belli

142 1314 1325 1404 mortemipsambrevioisubeundampraesagiamus.Omninomortui

144 1432 288 1518 saepius
310 1432 406 1498 velut
430 1428 671 1514 discedentesl)
695 1454 736 1498 ex
761 1438 860 1505 coetu
884 1431 1105 1502 familiarium
1128 1454 1325 1518 repraesen-

145 1549 217 1616 tati
240 1554 330 1634 sunt,
370 1549 467 1635 quasi
489 1549 631 1635 longum
654 1549 721 1615 iter
742 1554 877 1636 parent:
915 1555 1016 1634 atque
1044 1547 1108 1614 hoc
1131 1549 1240 1615 solum
1263 1555 1324 1635 est,

145 1666 190 1732 in
213 1687 278 1751 quo
301 1688 409 1752 pauca
432 1665 475 1730 ad
497 1665 744 1752 mythologiam
767 1665 958 1753 spectantia
980 1665 1018 1730 in
1041 1665 1094 1731 his
1119 1664 1326 1753 anaglyphis

147 1804 309 1869 expressa
324 1781 494 1858 habemus,
519 1782 607 1848 siout
630 1781 668 1847 in
690 1804 770 1847 vase
786 1775 959 1868 quodam²)
975 1782 1177 1867 Myrrhinen
1202 1783 1325 1848 aMer·
1428 1779 1433 1788 ’

148 1898 246 1964 eurio
269 1899 313 1964 ad
334 1898 458 1965 Orcum
485 1897 564 1964 duci
586 1898 642 1963 vel
665 1891 774 1979 alibi³)
800 1897 1005 1964 Charontem
1028 1898 1066 1963 in
1104 1898 1229 1985 soapho
1268 1921 1326 1986 ap·
1389 1909 1393 1918 '

147 2015 398 2102 propinquasse
421 2014 586 2079 videmus.

260 2131 391 2196 Titulos
415 2131 618 2217 sepulcrales
642 2129 744 2216 ipsos,
770 2130 896 2217 quippe
920 2129 978 2215 qui
999 2128 1146 2196 Athenis
1171 2131 1242 2196 sola
1264 2153 1325 2197 no·

150 2247 246 2313 mina
268 2246 460 2330 exhibeant,
484 2245 572 2312 nihil
597 2246 639 2312 ad
662 2246 745 2312 haec
769 2268 870 2334 opera
896 2246 1152 2332 interpretanda
1174 2245 1328 2314 conferre

151 2386 214 2451 per
237 2386 272 2429 sc
295 2369 399 2450 patet.
446 2365 534 2429 Nam
556 2362 648 2447 χαῖρε
671 2363 766 2448 illud,
791 2383 856 2449 quo
877 2362 1020 2428 fortasse
1035 2369 1206 2428 mortuum
1229 2386 1249 2428 a
1272 2386 1326 2430 su-

151 2479 351 2566 perstitibus
374 2480 487 2545 valere
503 2479 613 2546 iuberi
628 2480 813 2566 putaveris,
837 2479 966 2545 duobus
983 2477 1053 2544 fere
1070 2480 1213 2545 saeculis
1233 2487 1327 2568 p'ost-

152 2618 254 2681 quam
281 2597 366 2662 tales
390 2595 555 2681 imagines
579 2597 736 2682 componi
760 2602 898 2683 coeptae
922 2601 1012 2680 sunt,
1036 2595 1139 2680 idque
1155 2597 1192 2661 in
1207 2596 1326 2662 Attica

153 2711 291 2778 omnino
315 2712 485 2778 rarissime
509 2712 546 2778 in
569 2713 680 2778 titulis
704 2718 828 2778 exstat:
864 2734 1067 2798 quamquam
1102 2712 1131 2777 si
1165 2713 1323 2779 manibus

152 2827 279 2894 iunctis
302 2828 355 2894 vir
378 2834 413 2894 et
429 2829 551 2894 mulier
566 2829 622 2895 vel
646 2828 712 2895 duo
733 2829 799 2894 viri
814 2828 1060 2916 repraesentati
1075 2835 1164 2914 sunt,
1183 2851 1326 2916 quorum

153 2947 239 3010 alter
261 2945 362 3011 titulo
385 2945 459 3032 ipso
483 2952 633 3011 mortuus
657 2946 864 3031 designatur,
900 2946 1055 3011 decessus
1084 2969 1125 3011 ex
1147 2947 1220 3014 vita
1242 2969 1325 3013 non-

152 3083 338 3148 numquam
362 3062 424 3128 sub
448 3063 561 3150 specie
595 3062 742 3142 itineris,
779 3061 869 3147 quod
892 3063 991 3129 vivus
1027 3062 1214 3150 suscipiens
1248 3085 1325 3129 suos

151 3179 265 3245 valere
281 3179 405 3263 iubeat,
427 3179 674 3265 repraesentari
689 3178 836 3245 videtur.
867 3180 966 3245 Nunc
983 3177 1025 3244 de
1041 3179 1104 3244 hac
1120 3199 1156 3244 re
1171 3179 1324 3266 plerique

152 3295 202 3360 ita
224 3293 386 3377 iudicant,
412 3294 499 3360 datis
524 3294 663 3378 dextris,
700 3295 736 3360 id
760 3294 850 3380 quod
875 3295 1003 3360 Graece
1027 3288 1176 3370 δεξίωσις
1200 3297 1322 3382 apella·

151 3418 218 3496 tur,
241 3410 508 3477 familiaritatem
532 3418 566 3477 et
590 3434 747 3492 amorem,
780 3433 846 3498 quo
869 3411 1023 3478 hominos
1059 3413 1107 3478 ita
1142 3412 1323 3498 compositi

151 3528 242 3594 inter
276 3550 312 3593 se
348 3528 608 3614 coniungantur,
646 3523 871 3614 significarif)
932 3528 1107 3596 Judioium
1143 3528 1324 3595 admodum

153 3666 272 3710 sanum
295 3649 396 3730 atque
419 3643 602 3730 integrum,
627 3667 703 3710 mea
719 3644 856 3730 quidem
880 3644 1061 3730 sententia,
1086 3645 1123 3710 in
1142 3645 1205 3711 hao
1222 3668 1323 3732 quae-

261 3920 286 3989 1)
306 3917 415 3975 Contra
433 3919 509 3974 hanc
528 3919 701 3976 sententiam
725 3919 947 3992 disputaverunt
964 3919 1055 3977 F.-W.
1075 3939 1102 3992 p.
1121 3919 1174 3976 326
1192 3925 1221 3974 et
1239 3919 1324 3976 Furt-

151 4009 304 4081 waengler,
326 4010 440 4066 Samml.
461 4010 561 4066 Satur.
596 4010 687 4082 praef.
706 4029 733 4082 p.
752 4011 866 4066 43—47.

256 4099 285 4170 2)
304 4101 370 4156 All.
393 4101 471 4156 Mitt.
490 4100 540 4170 IV,
561 4100 620 4154 183.

256 4190 285 4257 3)
303 4189 396 4246 F.·W.
417 4190 494 4245 1057.
531 4191 597 4246 Ata.
619 4191 698 4247 Mitt.
717 4191 752 4261 V,
773 4191 823 4246 181
842 4196 902 4246 not.
940 4189 998 4245 Gfr.
1018 4191 1145 4246 Kuman.
1164 4207 1191 4261 p.
1210 4193 1249 4245 κέ.

257 4277 287 4351 4)
305 4279 339 4334 V.
359 4277 572 4352 Weisshaoupl.
591 4281 610 4335 1.
629 4281 647 4334 l.
666 4299 693 4351 p.
714 4280 767 4336 100
785 4286 814 4335 et
833 4298 883 4336 eos
901 4281 987 4351 locos,
1007 4297 1080 4352 quos
1099 4298 1136 4336 ex
1154 4278 1323 4352 anthologia

151 4369 263 4426 Graeca
279 4367 420 4425 laudavit.
