3072 4986
645 310 866 377 ..32-

172 489 272 556 multi
294 512 362 556 una
390 489 520 558 conditi
553 498 659 558 erant.
706 491 749 557 In
784 491 868 577 aliis,
906 513 991 578 quae
1026 513 1233 578 possessores
1267 490 1343 558 vivi

170 613 416 691 exstruxerant,
439 613 516 692 post
539 607 677 674 nomina
699 629 767 674 vox
790 599 918 684 ζώντων
932 609 1045 697 posita
1060 615 1125 692 est;
1149 608 1210 675 001
1231 613 1344 674 aetate

170 723 324 790 Romana
347 716 451 785 Γαΐου
476 718 576 809 Σηΐου
597 713 766 801 Ἀντιόχου
795 717 852 785 καὶ
876 716 1027 806 γυναικὸς
1049 719 1107 786 καὶ
1130 718 1249 786 τέκνων
1277 729 1342 790 oet.

171 840 274 920 (OIG.
300 836 422 924 2520),
437 840 516 906 (lesi
543 833 705 919 Θεοτίμου
734 831 924 924 Τιμαράυου
964 830 1133 926 Εὖθηνίνα
1154 839 1255 924 (Ball.
1279 839 1342 924 IV,

173 957 234 1022 121
260 955 320 1022 ofr.
345 957 392 1040 Χ,
416 956 505 1036 269),
543 955 667 1022 deinde
691 955 794 1021 Cnidi
818 955 921 1039 (LeB.
946 956 1009 1042 HI,
1028 957 1115 1022 1575
1131 953 1229 1043 sqq),
1246 957 1343 1022 Heli-

171 1072 319 1138 carnassi
341 1093 458 1159 pauoa,
490 1073 658 1158 permulta
683 1071 868 1138 Alabandis
891 1073 1090 1138 recentioris
1114 1073 1236 1138 aetatis
1265 1095 1344 1138 oum

170 1188 284 1254 verbis
308 1182 348 1272 ζῇ
371 1188 426 1252 vel
450 1182 558 1265 ζῶσιν,
595 1189 674 1274 quia
709 1211 750 1253 ex
779 1209 870 1254 more
898 1188 1051 1255 Asiatico
1079 1189 1234 1254 homines
1260 1189 1342 1255 'vivi

171 1310 390 1371 monumenta
413 1303 479 1390 ipsi
503 1304 568 1370 sibi
598 1303 833 1372 condiderunt.
881 1305 1028 1370 Maxime
1064 1311 1177 1370 autem
1212 1305 1249 1369 in
1283 1326 1344 1370 ore

170 1421 341 1486 maritima
357 1420 484 1506 Lyeiae
501 1420 648 1485 Graecos
673 1443 714 1486 ex
737 1421 859 1486 insulis
883 1443 921 1486 eo
943 1427 1155 1486 transvectos
1179 1422 1249 1486 suis
1273 1421 1343 1487 for·
1422 1460 1426 1465 -

170 1538 235 1604 mis
259 1559 338 1602 usos
362 1559 435 1602 esse
459 1559 499 1602 ex
523 1537 648 1604 crebris
672 1537 783 1601 titulis
807 1537 856 1602 ibi
872 1538 1016 1623 repertis
1033 1544 1181 1624 apparet,
1200 1560 1343 1623 quorum

124 1655 127 1662 ’
169 1653 260 1720 haud
288 1653 387 1740 pauei
416 1653 548 1718 saeculo
573 1659 691 1738 qusrto
719 1653 785 1717 orti
809 1658 903 1718 sunt:
938 1660 977 1718 ut
1001 1653 1159 1718 Telmissi
1181 1643 1343 1733 Ἀμύντου

169 1770 228 1832 τοῦ
240 1759 425 1854 Ἕρμοπίου
439 1769 542 1848 (OIG.
557 1769 654 1853 3402,
673 1768 733 1834 ofr.
750 1767 926 1834 Benndori
945 1765 1109 1853 „Reiserr“
1125 1771 1152 1854 I,
1165 1793 1197 1856 p.
1212 1770 1257 1835 40
1268 1771 1343 1856 sq),

170 1887 229 1972 qui
252 1886 373 1952 titulus
396 1906 484 1950 unus
512 1907 553 1949 ex
575 1884 825 1970 antiquissimis
848 1885 953 1950 totius
977 1885 1106 1970 Lyciae
1136 1865 1201 1969 est;
1238 1907 1344 1973 propo

169 2003 295 2088 vicum,
325 2001 379 2066 oui
402 2000 504 2067 hodie
527 2023 652 2067 nomen
681 2006 733 2066 est
755 2001 895 2086 Hoirdn,
926 1995 1145 2087 Τληπολέμου
1168 2001 1227 2064 τοῦ
1255 1998 1343 2088 Τλη-

171 2112 321 2198 πολέμου
338 2117 398 2179 rori
419 2111 637 2202 Τληπολέμου
655 2111 797 2201 Μυρέως
813 2116 908 2201 (ibid.
925 2140 958 2204 p.
976 2115 1041 2203 31),
1058 2119 1167 2204 Myris
1186 2111 1342 2193 Φοίνικος

176 2227 285 2318 Τυρίου
309 2235 359 2318 (in
382 2233 532 2300 dialecto
555 2233 689 2318 Dorioa,
719 2235 811 2300 LeB.
835 2235 899 2319 ΙΠ,
926 2235 1012 2300 1319
1039 2265 1076 2286 =
1104 2235 1192 2302 OIG.
1221 2236 1341 2323 4315p

171 2347 277 2433 Add.)
312 2356 348 2415 et
381 2350 419 2415 in
458 2350 534 2416 aliis
573 2349 708 2436 oppidis
748 2350 791 2415 ad
817 2373 910 2416 mare
939 2351 1029 2416 sitis:
1062 2350 1213 2438 Aperlis,
1240 2351 1343 2418 Anti-

170 2467 287 2553 phelli,
311 2465 471 2552 Limyris.

275 2583 395 2668 Neque
417 2604 498 2647 vero
522 2604 655 2668 semper
677 2604 808 2647 merum
840 2603 965 2649 nomen
999 2582 1036 2648 in
1070 2582 1124 2648 his
1159 2581 1343 2671 epitaphiis

171 2699 299 2784 Lysiae
322 2698 508 2782 invenitur,
532 2698 592 2764 sed
614 2699 683 2764 iam
706 2699 743 2763 in
766 2699 867 2764 titulo
891 2699 975 2764 satis
999 2705 1134 2766 vetusto
1150 2699 1345 2786 Antiphelli

170 2821 306 2902 reperto
319 2815 464 2901 legimus
482 2806 525 2876 τὸ
540 2813 671 2900 μνῆμα
686 2808 856 2900 Μέντορος
868 2814 927 2876 τοῦ
937 2804 1091 2899 Ἷὸάπρου
1102 2813 1344 2900 (OIG.430011)

171 2932 328 2998 etmulti
352 2931 479 2997 similes
504 2930 662 2996 Telmissi
692 2937 836 3015 exstant,
865 2931 903 2997 in
931 2931 1054 3018 quibus
1078 2931 1259 3017 genetivus
1283 2955 1342 2998 no-

49 3097 51 3101 ·
170 3048 274 3114 minis
310 3047 437 3134 pendet
465 3069 507 3112 ex
535 3047 748 3114 substantivo
775 3039 813 3108 ad
837 3046 948 3133 μνῆμα
972 3048 1027 3112 vel
1049 3047 1215 3132 μνημεῖον,
1240 3049 1343 3114 etiam

171 3155 385 3249 προγονικόν;
415 3163 549 3250 saepius
573 3185 704 3248 quoque
729 3163 854 3228 dieitur
876 3155 914 3225 νὸ
927 3163 1038 3250 μνῆμα
1062 3159 1132 3225 έοοὶ
1155 3163 1214 3226 τοῦ
1227 3160 1342 3238 δεῖνος.

173 3280 348 3361 Quomodo
378 3286 492 3346 autem
519 3279 588 3344 iam
622 3279 712 3346 bona
747 3285 857 3345 aetate
892 3281 948 3346 vel
982 3280 1019 3346 in
1053 3281 1171 3347 titulos
1196 3282 1344 3347 Graecos

172 3397 273 3464 huius
298 3397 450 3482 regionis
473 3417 554 3461 usus
577 3396 778 3461 vernaculus
802 3395 930 3482 Lyoiae
953 3396 1130 3480 invaserit,
1160 3396 1218 3483 qui
1240 3397 1344 3462 tertio

173 3513 389 3601 potissimum
413 3511 544 3578 saeculo
568 3517 603 3575 et
618 3511 876 3598 insequentibus
891 3535 952 3599 per
968 3534 1084 3579 omnes
1097 3512 1168 3578 lere
1181 3513 1344 3579 Graeoiao

172 3636 285 3716 partes
308 3636 515 3718 propagatus
539 3637 599 3723 est,
624 3634 659 3694 et
682 3650 768 3714 quae
791 3628 877 3694 aliae
900 3627 1029 3694 formae
1052 3629 1256 3695 recentiores
1279 3628 1344 3695 hae

174 3751 285 3812 aetate
308 3752 401 3812 ortae
425 3745 505 3831 sint,
529 3745 595 3812 alio
618 3745 691 3810 looo
715 3765 881 3830 exponere
904 3745 989 3811 mihi
1012 3745 1049 3812 in
1072 3745 1186 3812 animo
1210 3753 1272 3812 est.
