3072 4986
664 333 883 399 ..47-

184 517 226 578 ut
249 510 354 577 facies
378 511 449 578 eius
473 512 654 578 memoriae
677 511 877 594 traderetur,
901 534 1044 598 cumque
1065 535 1106 578 ex
1128 511 1192 577 hac
1213 535 1251 577 re
1273 510 1356 578 titu-

185 629 238 695 los
274 651 351 694 cum
385 629 506 714 figuris
543 629 710 714 expressis
735 628 980 713 quodammodo
1010 629 1186 694 cohaerere
1209 627 1358 694 dilucide

185 739 502 830 appareal1),nunc
535 751 713 831 postquam
748 744 921 830 epitaphia
955 744 1029 831 ipsa
1063 743 1279 832 absolvimus,
1316 743 1358 808 de

185 859 308 926 formis
331 867 366 925 et
389 861 571 946 sculpturis
599 861 774 947 cipporum
797 860 999 941 Atticorum,
1035 860 1126 946 quod
1154 861 1292 946 quidem
1316 859 1358 948 ad

186 976 305 1042 titulos
328 976 530 1063 pertineant,
566 999 666 1062 agere
689 999 709 1042 a
731 977 903 1064 proposito
930 998 1001 1043 non
1027 976 1177 1042 alienum
1210 976 1357 1042 videtur.

211 1189 244 1258 n.
270 1189 313 1259 ne
337 1189 472 1276 lapidum
497 1190 722 1278 sepulcralium
747 1189 927 1260 Atticorum
951 1187 1067 1260 formis
1091 1189 1124 1258 et
1148 1188 1334 1275 sculpturis.

295 1333 347 1399 De
385 1334 448 1399 hac
490 1334 631 1399 materia
668 1309 816 1420 primum
855 1332 1026 1399 afferenda
1064 1338 1116 1398 est
1154 1332 1357 1418 dissertati0,

186 1471 290 1536 quam
318 1450 356 1515 L.
393 1448 691 1515 Friedlaender
726 1473 754 1515 a.
793 1450 877 1515 1847
909 1449 1123 1535 Regimontii
1157 1449 1360 1535 conscripsit

187 1565 255 1651 „de
308 1566 465 1652 operibus
511 1566 714 1652 anaglyphis
760 1566 797 1630 in
842 1567 1071 1631 monumentis
1118 1565 1368 1652 sepulcralibus

185 1678 361 1766 Graecis“,
409 1703 475 1768 qua
519 1683 649 1768 primus
684 1683 808 1748 multos
854 1705 982 1748 errores
1027 1682 1254 1769 pervulgatos,
1300 1681 1360 1766 qui

184 1797 231 1864 ad
268 1797 383 1884 cippos
423 1799 597 1864 Graecos
633 1799 846 1865 universos
886 1799 1099 1886 spectabant,
1146 1798 1245 1884 plane
1268 1796 1358 1863 relu-

183 1913 285 1979 tavit.
345 1914 479 1979 Deinde
517 1915 773 1999 Pervanoglu
831 1914 955 1980 librum
999 1914 1108 1979 edidit
1148 1913 1221 1998 „die
1256 1912 1358 1978 Grab-

183 2029 290 2094 stcc'ne
313 2028 369 2093 der
392 2030 480 2095 olleo
504 2027 695 2115 Grieobcn“,
730 2031 768 2096 in
802 2052 867 2116 quo
896 2031 933 2094 in
957 2030 1133 2116 cipporum
1156 2029 1281 2096 lormas
1304 2053 1358 2096 ac·

185 2151 303 2210 curate
336 2145 519 2231 inquisivit
553 2153 587 2211 et
610 2146 867 2212 Friedlaenderi
901 2147 1089 2212 sententias
1118 2147 1190 2231 ipse
1225 2169 1358 2232 quoque

186 2260 345 2348 probavit
380 2261 497 2348 (praef.
526 2285 559 2349 p.
584 2263 693 2344 VIII).
739 2262 772 2327 Α
797 2263 969 2328 ticorum
1002 2262 1154 2348 lapidum
1190 2263 1356 2349 sepulcra·

185 2376 273 2442 lium
314 2377 438 2443 formas
473 2378 696 2444 Kumanudes
730 2379 767 2444 in
802 2377 1011 2464 praefatione
1046 2378 1089 2443 ad
1124 2379 1358 2445 collectionem

187 2515 285 2558 suam
309 2483 479 2580 ,,Ἀττικῆς
496 2488 681 2579 ἐπιγραφαὶ
697 2486 913 2574 ἕπιτύμβιοι“
939 2517 1069 2560 summa
1085 2517 1162 2560 cum
1178 2494 1358 2580 diligentia

189 2609 352 2675 discretas
368 2617 522 2677 accurate
539 2610 728 2698 descripsit.
776 2610 809 2676 S.
834 2610 1030 2695 Reinach,
1057 2609 1153 2674 troile'
1177 2610 1214 2675 de
1238 2611 1359 2695 l’epiqr.

189 2743 283 2807 preoq
305 2748 338 2812 p.
362 2726 428 2790 423
453 2749 503 2812 sq.
527 2727 621 2793 varia
643 2749 769 2812 genera
791 2726 945 2813 lapidum
976 2727 1215 2813 sepulcralium
1237 2728 1361 2794 leviter

189 2841 290 2908 modo
313 2842 441 2928 tetigit.

298 2959 509 3025 Novissimus
525 2959 562 3024 in
578 2958 661 3025 haec
679 2958 791 3024 studia
803 2957 958 3024 incubuit
974 2956 1136 3024 Alsredus
1153 2960 1358 3043 Brueokner,

191 3073 251 3157 qui
274 3073 311 3139 in
334 3075 571 3141 dissertatione
595 3098 623 3142 a.
650 3076 735 3140 1886
760 3075 861 3158 edita,
897 3096 981 3159 quae
1009 3074 1206 3141 inscribitur
1230 3075 1360 3161 „Orna-

191 3193 282 3253 meut
308 3190 383 3256 aad
404 3189 506 3256 Forat
534 3191 590 3256 der
613 3190 771 3256 ultisclcca
795 3185 1002 3254 scotaicum
1038 3213 1196 3276 magnam
1230 3196 1362 3278 copiam

188 3304 343 3391 lapidum
370 3307 608 3392 sepulcralium
624 3307 828 3387 ,Atticorum
856 3305 974 3372 formis
1003 3313 1037 3372 et
1072 3314 1181 3372 aetate
1211 3307 1361 3374 diverso·

188 3442 269 3487 rum
292 3421 557 3507 diligentissime
580 3430 809 3510 perscrutatus
833 3429 924 3489 certa
947 3422 1171 3488 fundamenta
1197 3423 1289 3509 iecit,
1323 3430 1363 3489 ut

191 3537 360 3623 quomodo
384 3541 544 3605 stolarum
566 3539 735 3625 pictarum
758 3542 793 3604 et
828 3540 1034 3626 sculptarum
1057 3537 1184 3603 formas
1208 3546 1242 3604 et
1265 3562 1361 3606 orna-

189 3658 308 3720 menta
336 3655 480 3722 diversis
510 3656 718 3741 temporibus
744 3655 955 3721 variaverint
994 3662 1095 3741 atque
1120 3656 1253 3721 exculta
1276 3657 1359 3741 sint,

301 3829 328 3900 1)
345 3831 571 3901 Nonnumquam
601 3830 660 3885 iam
688 3836 774 3886 antea
810 3831 951 3902 imagines
978 3830 1008 3885 in
1036 3829 1179 3902 lapidibus
1212 3849 1363 3903 expressas
1437 3844 1442 3855 “

193 3920 492 3990 commemoravimus,
520 3926 553 3975 ut
582 3939 608 3992 p.
638 3920 662 3990 5,
691 3921 731 3989 15,
759 3922 803 3974 40.
843 3921 1003 3976 Cohaerere
1036 3919 1183 3992 epitaphia
1210 3939 1276 3976 oum
1304 3921 1363 3977 for-

191 4007 249 4064 mis
268 4010 465 4080 sepulcrorum
484 4008 568 4065 initio
586 4010 645 4065 iam
662 4008 694 4064 in
712 4009 921 4080 antiquissimis
940 4009 1033 4065 titulis
1051 4009 1186 4078 vidimus,
1210 4010 1241 4066 in
1261 4011 1364 4083 quibus

192 4097 268 4153 duae
286 4105 383 4171 partes
395 4105 649 4156 monumentorum
662 4092 776 4170 (τύμβος
788 4105 817 4155 et
830 4093 921 4168 στήλη)
934 4117 1018 4170 saepe
1031 4098 1235 4156 afferebantur.
1266 4101 1365 4173 Nuper

192 4187 406 4262 Weisshaeupl‚
434 4191 495 4260 „dic
518 4190 715 4260 Grobpedicbtc
734 4190 783 4244 der
798 4190 897 4260 pasca.
917 4189 1094 4260 Aatlolopic“
1113 4188 1145 4244 in
1161 4208 1242 4262 capp.
1255 4189 1365 4245 H-IV

193 4275 334 4354 quidquid
353 4295 389 4334 ex
407 4278 593 4350 anthologiae
612 4278 739 4334 Graecae
762 4276 980 4348 epigrammatis
999 4278 1206 4352 sepulcralibus
1234 4279 1269 4335 de
1293 4279 1364 4352 ipsis

192 4367 390 4424 monumentis
408 4386 564 4441 eorumque
582 4374 687 4424 ornatu
706 4372 840 4424 excutere
857 4374 964 4440 posset,
983 4369 1125 4444 exposuit.
1334 4357 1347 4383 ⁶
