3072 4986
649 370 845 435 ..5..

164 545 337 633 quissimis
374 547 627 634 epigrammatis
661 547 789 614 Atticis
827 543 992 634 legitur.¹)
1050 549 1260 626 Quibusdam
1298 549 1335 615 in

162 663 284 734 titulis·
305 664 495 730 adhortatio
531 665 630 750 inest,
665 672 703 731 ut
726 666 838 732 viator
865 667 1073 751 praeteriens
1110 689 1186 732 cum
1209 666 1334 731 mortui

164 780 301 868 cippum
336 786 371 846 ct
393 803 647 867 nonnumquam
671 782 774 846 ctiam
797 783 982 868 imaginem
1006 783 1041 847 in
1065 782 1179 868 lapide
1201 805 1334 870 reprae-

163 903 330 963 sentatam
354 897 530 982 aspexerit,
555 905 699 963 mortem
724 898 795 964 eius
819 899 944 984 lugeat,
975 904 1013 963 ut
1036 897 1138 964 Kaib.
1163 901 1208 964 la
1228 898 1335 966 edu:

337 1003 433 1099 μνῆμ’
461 1007 582 1099 ε’σοριῦν
606 1003 759 1098 οἴκτιρ,
785 1004 830 1089 ὡς
852 1005 952 1088 καλὸς
976 1003 1020 1074 ὢν
1043 1005 1151 1092 ἔθανε,

269 1157 370 1223 Kaib.
398 1161 430 1223 1:

355 1268 508 1352 Τέισιχον
533 1266 715 1356 οἰκτίρας
738 1261 824 1356 ἄνδρ’
852 1263 981 1356 ἀγαθὸν
1004 1264 1151 1358 inopium·

161 1389 252 1456 hunc
289 1413 426 1456 versum
461 1390 609 1477 (praeter
642 1390 779 1471 nomen)
813 1390 938 1456 iterum
974 1391 1121 1476 legimus
1149 1391 1187 1457 in
1221 1391 1334 1478 lapide

162 1506 357 1573 Thessaliae
381 1507 473 1574 IGA.
492 1507 567 1571 325.
613 1506 702 1574 OIA.
714 1507 774 1591 IV,
792 1507 823 1592 2,
839 1507 904 1572 477
917 1507 953 1572 h:

214 1611 407 1708 Ἄνθρωπε,
433 1609 468 1698 ὃς
491 1615 659 1701 στείχεις
681 1611 870 1684 καθ’ὃδὸν
893 1613 1015 1708 φρασὶν
1038 1611 1123 1684 dita
1145 1622 1301 1702 μενοινῶν

223 1739 325 1826 στῆθι
348 1733 405 1801 καὶ
430 1731 609 1824 οἴκτιρον
632 1739 722 1825 σῆμα
749 1729 924 1824 Θράσωνος
948 1731 1037 1800 ἰδών.

269 1884 316 1948 Et
340 1883 428 1968 quod
461 1905 503 1948 ex
526 1882 580 1948 his
616 1883 730 1948 verbis
759 1883 875 1968 colligi
910 1889 1031 1970 potest,
1069 1881 1199 1970 lapides
1224 1884 1334 1969 sepul·

162 2000 267 2064 crales
296 1991 388 2080 ἐγγὺς
413 1989 491 2060 ὁδοῦ
520 2001 699 2065 collocatos
724 2021 807 2088 esse,
831 2006 870 2064 ut
896 2022 915 2064 a
937 2000 1232 2086 praetereuntibus
1257 2022 1333 2065 con-

162 2115 249 2202 spici
284 2123 318 2180 et
341 2116 480 2181 nomina
514 2116 585 2200 legi
607 2121 757 2202 possent,
793 2113 829 2179 id
853 2115 890 2180 in
923 2115 1034 2180 titulis
1058 2115 1159 2180 Kaib.
1184 2118 1204 2180 3
1233 2122 1267 2181 et
1293 2117 1334 2180 10

162 2238 278 2318 aperte
303 2227 465 2310 dicitur.2)
511 2231 642 2298 Eodem
666 2231 816 2316 consilio,
846 2239 885 2298 ut
908 2231 1019 2318 operis
1042 2231 1334 2318 pulchritudinem

160 2369 221 2432 pro
245 2347 314 2412 illis
338 2347 547 2434 temporibus
571 2347 728 2413 eximiam
752 2349 1002 2413 admirarentur
1019 2347 1184 2428 homines,
1209 2347 1334 2413 artifex

161 2463 333 2529 notissimi
367 2463 459 2529 illius
495 2465 586 2551 cippi
617 2464 835 2531 Orchomenii
859 2463 1059 2548 (Ouerbeck,
1095 2444 1278 2528 Ι(ΙοεοΙιιέΙιΐο
1302 2464 1332 2528 d.

118 2646 120 2649 .
161 2578 279 2664 ¹qra'cch.
308 2579 438 2644 Plustr'lc
472 2581 530 2665 fig.
562 2579 617 2663 23)
655 2603 780 2647 nomen
815 2603 912 2646 suum
942 2580 1037 2667 operi
1069 2580 1244 2665 inscripsit
1279 2581 1333 2647 his

163 2695 276 2762 verbis
300 2695 415 2780 (Kaib.
444 2695 557 2778 1098):
983 2768 985 2771 ,

336 2801 500 2898 Ἀλξήνιορ
524 2807 681 2900 ἐποίησεν
705 2803 721 2876 ὃ
747 2805 885 2889 Νάξιος·
911 2803 980 2875 ἀλλ’
1007 2809 1172 2898 ἐσίδεσθε·

163 2948 313 3034 itemque
349 2949 518 3035 gloriandi
554 2972 652 3014 causa
687 2949 724 3014 in
758 2950 842 3014 stela
870 2950 1027 3034 Sigeensi
1050 2949 1155 3034 (IGA.
1168 2947 1247 3030 492)
1278 2941 1336 3011 καί

162 3054 194 3144 μ’
226 3056 378 3128 ε’πόεισεν
409 3063 583 3139 Αἴσωπος
621 3040 677 3126 ναὶ
717 3055 857 3150 ἀδελφοί
896 3073 1069 3132 exaratum
1108 3073 1170 3132 est.
1216 3066 1335 3150 Neque

164 3181 193 3246 is
217 3205 298 3248 usus
321 3205 341 3247 a
363 3183 475 3248 titulis
499 3183 627 3249 Atticis
652 3183 742 3248 illius
767 3182 888 3248 aetatis
912 3183 1042 3248 alienus
1067 3189 1128 3260 est,
1166 3205 1242 3248 cum
1265 3206 1335 3250 non

165 3298 273 3363 solum
290 3299 463 3387 epitaphia
479 3300 620 3365 metrica
637 3299 697 3364 scd
714 3299 816 3364 etiam
833 3322 882 3383 ca,
899 3299 937 3365 in
953 3299 1075 3385 quibus
1091 3322 1183 3365 mera
1195 3301 1334 3366 nomina

164 3420 372 3480 mortuorum
395 3417 623 3501 continentur,
652 3438 907 3502 nonnumquam
929 3422 1104 3503 praeterea
1127 3417 1230 3482 etiam
1253 3417 1334 3482 arti·

162 3530 236 3596 ficis
259 3553 384 3596 nomen
418 3533 564 3618 tradant,
603 3533 661 3619 qui
688 3539 956 3616 monumentum,
993 3533 1065 3598 sive
1093 3533 1226 3618 pictura
1260 3533 1333 3598 sive

163 3647 396 3734 anaglyphum
424 3649 497 3714 sive
521 3656 633 3715 statua
656 3656 716 3734 est,
755 3647 939 3715 fabricatus
964 3654 1023 3714 est.
1071 3651 1191 3735 Itaque
1215 3649 1251 3714 in
1276 3651 1333 3714 de-

162 3787 236 3830 cem
258 3765 367 3852 cippis
386 3771 516 3851 septem
532 3766 701 3832 artificum
724 3766 864 3832 nomina
886 3765 996 3852 magis
1020 3765 1175 3832 minusve
1199 3766 1333 3852 integra

162 3887 307 3966 exstant,
333 3904 374 3946 ex
398 3881 521 3968 quibus
545 3881 581 3947 in
603 3888 761 3967 quattuor
783 3883 953 3970 lapidibus
970 3883 1179 3948 Aristionem
1195 3882 1334 3948 Parium

162 3997 276 4078 <nara
300 4000 353 4064 ra.
376 3999 407 4065 a.
429 3999 459 4064 4.
480 4001 499 4064 c
526 4029 564 4050 =
592 3999 680 4064 cre.
699 4000 761 4096 ru,
782 4001 810 4083 1,
830 4000 895 4064 ιιι
916 4022 944 4064 a.
964 3997 995 4064 b.
1031 3998 1058 4083 1,
1080 3999 1156 4064 ree.
1177 3999 1266 4084 469),
1296 3999 1333 4063 in

269 4227 295 4298 1)
315 4228 366 4284 cfr.
385 4230 579 4301 Pervanoglu‚
600 4230 644 4286 dic
665 4229 827 4285 Grubctciac
847 4230 894 4285 der
913 4230 988 4285 ultan
1010 4228 1143 4284 arrecta
1161 4245 1188 4300 p.
1207 4227 1242 4282 89
1255 4245 1296 4299 sq.

268 4320 295 4388 2)
315 4318 426 4374 Similia
445 4319 533 4374 etiam
551 4326 652 4391 postea
675 4317 743 4374 alibi
766 4317 913 4383 habemus,
941 4322 976 4372 ut
994 4317 1079 4372 Kaib.
1101 4318 1152 4372 182
1171 4316 1332 4386 Anactorii‚

163 4409 240 4466 Bau.
261 4411 293 4466 dc
313 4428 380 4466 corr.
399 4411 459 4466 hell.
479 4409 534 4477 ΙΙΙ,
553 4411 605 4464 316
626 4407 697 4465 Chii.
